3000 4604
675 147 721 235 sl

221 391 350 481 Verba,
383 415 467 477 quae
492 397 522 458 in
547 395 634 458 initio
659 395 882 477 descriptionis
906 393 1070 476 leguntur,
1103 416 1176 458 cum
1200 395 1293 459 Plinii

116 504 221 567 verbis
255 512 451 585 congruunt,
481 511 589 565 cetera
621 522 753 584 prorsus
776 502 903 565 diversa
926 510 998 564 sunt
1022 522 1041 563 a
1064 503 1168 566 verbis
1191 504 1290 569 Plinii.

115 609 169 674 Ex
201 633 242 674 eo
273 611 347 674 loco
380 610 432 674 vel
465 613 605 674 maxime
638 619 792 693 apparet,
823 609 1006 673 herbarium
1037 632 1100 673 non
1125 631 1169 673 ex
1191 611 1291 675 Plinio

115 718 267 784 hausisse.
314 718 368 781 An
393 721 464 800 quis
488 727 590 802 putat,
614 718 702 781 illum
727 739 832 800 pauca
855 717 956 780 verba
978 719 1221 801 transcripsisse,
1246 741 1294 782 re·

115 826 211 909 liqua,
235 848 319 909 quae
343 828 460 891 Plinius
484 829 526 890 de
550 825 612 890 hac
635 825 737 889 herba
761 824 846 904 dicit,
871 827 1025 890 omisisse.

183 937 287 1004 LXV.
337 934 419 999 haec
457 934 558 998 herba
594 936 649 997 ad·

115 1043 249 1104 modum
282 1043 440 1105 columbis
464 1051 514 1105 est
537 1042 649 1104 famili-

825 932 902 999 Plin.
936 946 988 1012 25.
1026 934 1095 1000 162.
1136 936 1293 1018 columbis

759 1043 937 1104 admodum
961 1039 1130 1120 familiaris,
1154 1044 1294 1107 undeet

116 1152 186 1227 aris,
211 1155 296 1212 unde
319 1149 383 1213 hoc
406 1170 524 1212 nomen
540 1148 648 1212 habet.
699 1114 704 1252 ι
760 1169 887 1213 nomen.

223 1257 406 1339 Utrumque
437 1277 481 1320 ex
505 1259 622 1320 eodem
646 1256 735 1318 fonte
759 1277 866 1339 eoque
889 1258 1006 1334 Latino
1030 1256 1174 1320 hausisse
1197 1278 1293 1321 nemo

117 1375 223 1449 neget.

330 1473 429 1556 Apul.

163 1585 354 1651 Lxxtlln.
369 1603 396 1645 a.
406 1580 441 1645 Si
449 1582 650 1663 experimen·

118 1698 186 1752 tum
209 1688 301 1752 huius
324 1688 540 1752 herbaescire
560 1687 650 1751 volu·

118 1800 194 1875 eris,
229 1799 368 1879 prendas
403 1796 510 1879 pullos
544 1795 651 1858 hirun-

118 1907 198 1968 dinis
243 1906 346 1967 insciis
393 1904 579 1986 parentibus
619 1911 652 1965 et

118 2034 244 2097 punges
268 2015 313 2076 eis
337 2013 449 2076 oculos
472 2014 513 2075 de
535 2033 595 2075 acu
619 2020 652 2074 et

118 2141 257 2205 repones
281 2141 337 2184 eos
360 2122 391 2182 in
413 2121 514 2198 nidos,
545 2121 653 2183 statim

119 2231 241 2292 vadunt
256 2237 406 2311 parentes
422 2248 534 2291 eorum
551 2237 584 2291 et
597 2227 653 2290 ad·

119 2337 221 2400 serent
244 2335 379 2400 herbam
398 2345 432 2400 et
447 2338 654 2399 restituuntur
688 2419 691 2427 Ι

121 2446 166 2508 eis
189 2444 284 2514 oculi,

989 1473 1068 1545 Plin,

827 1580 904 1644 Plin.
941 1593 991 1661 25.
1025 1584 1076 1664 89.
1116 1581 1178 1645 hac
1211 1584 1295 1646 enim

760 1686 943 1751 hirundines
981 1689 1093 1753 oculos
1133 1689 1295 1772 pullomm

759 1799 789 1859 in
824 1798 901 1859 nido
945 1799 1113 1860 restituunt
1151 1799 1294 1880 dantque

759 1906 877 1981 visum,
920 1914 956 1968 ut
994 1905 1126 1986 quidam
1173 1905 1294 1984 volunt,

761 2013 857 2075 etiam
897 2014 994 2086 erutis
1036 2012 1147 2082 oculis.
1202 2011 1293 2078 Conf.

760 2119 837 2188 Plin‚
864 2120 892 2188 8.
922 2121 973 2201 98.

228 2553 344 2616 Plinius
374 2550 426 2614 hic
457 2560 623 2614 auctorem
654 2550 793 2613 eundem
818 2548 1038 2630 excerpsisse,
1070 2547 1229 2630 Apuleius
1254 2549 1296 2612 ad

121 2660 257 2723 verbum
279 2660 513 2741 transcripsisse
536 2659 694 2743 videtur..
722 2656 814 2726 Conf,
838 2657 947 2719 Diosc.
970 2658 1016 2725 II,
1042 2671 1115 2718 211.
1138 2642 1231 2723 τινὲς
1259 2643 1296 2714 δὲ

123 2751 323 2850 ἱστόρησαν,
352 2747 395 2833 ὡς
424 2749 487 2824 ἐάν
513 2781 567 2833 τις
585 2740 754 2847 τοφλωθῇ
773 2760 842 2821 τῶν
861 2759 921 2846 τῆς
937 2746 1110 2839 χελιδόνος
1133 2759 1296 2842 νεοσσῶν,

123 2869 161 2934 αἱ
188 2864 335 2958 μητέρες
369 2863 632 2956 προσφέρουσαι
663 2857 728 2957 τὴν
764 2855 871 2949 πόαν,
900 2861 1024 2928 ἰῶνται
1051 2853 1116 2954 τὴν
1143 2853 1298 2953 πήρωσιν

123 2964 242 3041 αὐτοῦ.
267 2980 427 3064 Sprengel
452 2981 618 3044 adnotavit
644 2979 745 3044 «Cod.
772 2977 798 3042 C
823 2987 856 3042 et
879 2979 1011 3041 Lacuna
1035 2957 1093 3036 ὅτι
1122 2960 1185 3035 ἐὰν
1211 2993 1296 3058 τυφ-

121 3075 211 3174 λώσῃ
245 3105 299 3158 τις
338 3073 419 3155 τοὺς
459 3084 520 3172 τῆς
554 3072 725 3165 χελιδόνος
765 3069 937 3152 νεοσσούς.
972 3084 1092 3147 Insulse
1115 3084 1293 3167 proiecto»

123 3197 199 3262 Sine
229 3199 328 3261 dubio
353 3197 482 3274 insulse,
513 3197 571 3258 sed
594 3195 751 3277 Apuleius
780 3202 812 3257 et
836 3194 952 3257 Plinius
976 3193 1113 3256 eandem
1137 3193 1295 3274 praebue-

124 3315 197 3369 runt
219 3308 419 3374 sententiam.
470 3303 597 3381 Confer,
621 3305 698 3385 quid
723 3305 764 3366 de
788 3323 827 3365 ea
851 3322 884 3364 re
908 3303 1027 3364 iudicet
1052 3299 1163 3364 Celsus
1186 3303 1216 3364 in
1241 3301 1295 3366 lib.

123 3417 180 3483 VI.
208 3406 258 3494 39.
309 3413 424 3477 «Unde
448 3414 544 3475 etiam
568 3412 657 3475 locus
690 3410 818 3474 fabulae
853 3411 955 3472 lactus
979 3417 1036 3486 est,
1064 3429 1123 3490 per
1146 3418 1296 3491 parentes

123 3522 157 3585 id
180 3523 309 3599 restitui,
333 3522 422 3603 quod
445 3539 504 3602 per
526 3539 562 3582 se
586 3521 732 3590 sanescit,
1280 3517 1283 3520 ’

191 3647 271 3710 Ibid.
301 3663 327 3716 1.
352 3667 379 3715 c.
411 3646 491 3708 Item
516 3645 655 3726 caligan·
835 3657 853 3704 2
859 3654 887 3722 5.
911 3657 964 3724 90.
993 3661 1089 3703 sucus
1111 3639 1299 3704 florentibus

124 3755 208 3820 tibus
233 3753 340 3817 oculis
387 3751 491 3817 Sucus
515 3755 581 3815 eius
604 3752 656 3815 vel

125 3862 212 3926 floris
254 3881 425 3944 expressus
464 3868 497 3922 et
536 3861 656 3922 mixtus

125 3992 198 4034 cum
233 3970 328 4034 melle
366 3969 479 4032 Attico
514 3969 545 4030 in
579 3987 656 4029 vase

125 4099 221 4142 aereo
245 4078 358 4141 leniter
390 4079 496 4140 cinere
523 4075 658 4138 ferventi

125 4187 280 4253 decoctus
301 4185 461 4268 singulare
480 4183 658 4248 remedium

766 3751 955 3833 exprimitur
985 3757 1018 3811 et
1047 3749 1077 3810 in
1101 3768 1198 3811 aereo
1222 3768 1298 3810 vase

765 3878 839 3920 cum
871 3856 967 3920 melle
990 3855 1103 3920 Attico
1119 3856 1233 3918 leniter
1256 3856 1298 3918 ci·

765 3985 842 4028 nere
863 3965 997 4027 ferventi
1013 3964 1214 4045 decoquitur,
1237 3963 1298 4025 sin·

766 4073 867 4156 gulari
902 4073 1045 4135 remedio
1081 4079 1193 4133 contra
1224 4069 1298 4133 cali·

767 4182 857 4263 gines
880 4179 1056 4244 oculorum
