3000 4604
341 386 439 479 Apul.

195 502 290 573 XXI.
316 519 346 574 2.
370 505 426 569 Ad
451 507 564 588 capitis
587 508 663 569 vitia

127 613 180 675 vel
207 614 393 695 porrigines

195 719 226 784 h.
256 723 406 783 nasturcii
440 742 551 784 semen
582 723 662 785 mix-

126 839 197 892 tum
220 849 293 891 cum
317 830 413 910 adipe
443 832 588 892 anserina
610 831 664 892 tri-

126 945 196 1000 tum
233 936 436 999 calvitionem
468 936 599 1000 cohibet
631 947 691 1013 etr

128 1043 262 1106 furfures
285 1065 328 1107 ex
352 1047 458 1126 capite
483 1047 586 1115 eiciet,

195 1153 274 1216 lbid
305 1169 339 1229 4.
374 1152 431 1215 Ad
461 1162 599 1215 strumas
630 1152 662 1219 h.

129 1264 321 1325 nasturcium
345 1280 418 1322 cum
439 1258 583 1323 lumento
607 1262 661 1323 tri-

127 1354 195 1433 tum
229 1388 329 1449 super
362 1375 497 1430 strumas
535 1369 660 1449 inponis

127 1497 201 1540 cum
225 1476 301 1539 solio
325 1475 429 1538 oleris.

194 1583 273 1646 lbid.
312 1597 339 1662 5.
388 1582 444 1645 Ad
480 1583 661 1646 furunculos

127 1693 287 1755 sanandos
324 1690 426 1754 herba
467 1693 660 1755 nasturcium

127 1821 199 1863 cum
217 1800 374 1862 fermento
390 1801 561 1881 inponitur,
585 1821 660 1863 con-

127 1917 256 1972 coctum
278 1910 357 1970 mire
379 1916 480 1977 sanat.

193 2018 339 2085 XXXII.
380 2017 410 2085 8.
456 2015 513 2079 Ad
542 2015 660 2098 splenis

126 2124 283 2190 dolorem.
308 2121 410 2186 herba
432 2125 609 2205 argimonia
629 2126 660 2186 In

126 2232 199 2294 cibo
229 2239 335 2293 sumta
369 2231 515 2311 splenem
546 2251 660 2293 consu-

126 2348 200 2401 met.

193 2449 264 2515 XL.
294 2463 318 2507 1.
348 2445 404 2508 Ad
428 2448 660 2526 dysentericos·

125 2554 238 2617 Herba
253 2555 399 2635 equiseta
416 2573 459 2616 ex
475 2557 550 2617 vino
576 2555 661 2617 dulci

125 2662 251 2744 cyathis
282 2667 430 2725 duobus
461 2664 553 2742 potui
584 2664 661 2725 data

125 2771 341 2851 dysenteriam
372 2789 484 2831 sanare
508 2770 657 2834 creditur.

191 2879 316 2947 XLIII.
356 2892 381 2939 1.
414 2875 470 2939 Ad
505 2875 660 2959 hydropi-

125 3006 191 3049 cos.
227 2984 339 3047 Herba
362 2983 478 3046 bulbus
500 2983 660 3047 scilliticus

125 3100 421 3170 circumpagatur
435 3099 480 3154 et
518 3092 660 3153 medium

126 3202 194 3263 eius
217 3201 248 3261 In
272 3221 357 3281 aqua
381 3202 540 3281 coquitur.
579 3197 660 3262 Cum

126 3304 306 3392 ma'lidum
343 3313 470 3384 luerit,
508 3313 660 3370 eximito

126 3436 170 3479 ex
203 3436 244 3478 eo
278 3424 343 3477 tres
378 3414 511 3490 obulos;
545 3415 661 3477 dantur

125 3524 217 3605 potui
234 3543 276 3585 ex
293 3522 387 3585 melle
410 3531 442 3584 et
459 3531 562 3598 acet0,
586 3542 660 3583 eva·

126 3640 240 3693 cuatur
263 3651 322 3713 per
345 3632 476 3692 urinam.

1001 398 1078 463 PIIn.

842 522 894 570 20.
928 523 996 586 130.
1032 514 1177 572 Sextius
1211 506 1308 573 adicit

772 616 970 695 porrIgInem
995 624 1028 678 et
1058 615 1166 679 ulcera
1196 620 1309 699 capitis

772 741 846 783 cum
872 723 968 803 adipe
992 724 1148 793 anserIno,

840 1166 891 1214 20.
922 1167 992 1232 127.
1017 1155 1144 1216 strumis
1167 1175 1240 1217 cum
1261 1155 1307 1218 lo·

772 1267 881 1320 mento
927 1259 1049 1321 inlitum
1090 1250 1323 1344 opertumque¹

771 1366 910 1429 brassIca
934 1368 1099 1448 praeclare
1123 1371 1283 1441 medetur.

840 1597 892 1648 20.
921 1598 991 1663 129.
1022 1583 1204 1647 furunculos
1228 1606 1303 1649 con·

772 1690 882 1770 coquit
905 1710 978 1752 cum
1002 1691 1170 1758 fermento

840 2014 892 2077 26.
918 2014 970 2093 76.
995 2013 1195 2095 Argemonia
1215 2035 1302 2095 sep-

751 2130 846 2185 ·tem
870 2126 1002 2185 diebus
1026 2123 1056 2183 in
1081 2124 1153 2186 cibo
1176 2134 1306 2208 sumpta

772 2227 888 2290 lienem
912 2248 1101 2292 consumere
1124 2232 1249 2295 dicitur.

840 2445 891 2522 26,
920 2463 989 2527 134.
1015 2448 1162 2509 medetur
1187 2448 1305 2528 dysen-

771 2555 876 2615 tericis
914 2556 945 2617 in
980 2555 1053 2616 vlno
1089 2554 1174 2616 dulci
1209 2565 1306 2636 potus

771 2660 897 2742 cyathis
920 2668 1049 2726 tribus.

840 2893 890 2955 20,
934 2893 1004 2946 100.
1043 2886 1140 2941 tosta
1174 2897 1306 2959 quoque

771 2993 948 3064 purgatur
990 2994 1023 3048 et
1060 2985 1202 3047 medium
1240 2987 1306 3047 eius

771 3094 887 3155 iterum
936 3094 967 3154 In
1014 3112 1100 3173 aqua
1146 3095 1303 3174 coquitur.

771 3219 860 3264 usus
884 3206 938 3263 sic
962 3208 1087 3263 coctae
1118 3201 1160 3262 ad
1184 3198 1305 3281 hydro-

772 3310 871 3390 picos,
918 3310 959 3371 ad
998 3309 1120 3370 urinam
1159 3309 1305 3370 ciendam

771 3416 872 3479 tribus
907 3415 1012 3478 obolis
1042 3436 1115 3478 cum
1147 3415 1242 3478 melle
1273 3424 1306 3478 et

771 3532 866 3587 aceto
890 3533 998 3604 potae.

233 3756 303 3819 NB.
348 3755 425 3833 Res,
449 3776 513 3817 non
538 3755 642 3818 verba
665 3760 746 3822 inter
769 3777 804 3819 se
828 3759 1029 3824 conveniunt.

194 3863 274 3927 Ibid.
303 3880 334 3940 4.
367 3863 449 3926 Item
473 3862 660 3943 hydropicis

127 3974 170 4036 ad
204 3973 434 4054 extingendam
464 3973 556 4034 sitim.
589 3969 661 4032 her·

127 4080 190 4143 bae
212 4080 320 4143 selllae
348 4078 457 4142 lolium
480 4078 661 4140 subiectum

126 4188 186 4251 sub
211 4188 351 4270 linguam
375 4188 459 4249 sitim
484 4185 659 4269 conpescit.

839 3880 889 3941 20,
924 3882 979 3946 99,
1012 3864 1140 3946 linguae
1173 3883 1305 3945 quoque
1418 3888 1421 3893 ·

771 3992 883 4034 recens
913 3971 1058 4034 subiecta
1081 3980 1233 4052 praestat,
1264 3990 1305 4032 ne

771 4078 941 4161 hydropici
965 4081 1078 4142 sitlant.
