3000 4604
722 136 766 214 18

637 247 848 257 ————.-..

268 373 344 443 Plin,
371 389 423 438 20.
448 367 501 452 63.
551 371 726 436 «Crateuas
757 392 830 435 eum
867 370 941 452 (scil.
974 392 1086 434 sucum
1113 363 1269 453 lactucae)
1302 379 1336 434 et

161 473 348 562 hydropicis
380 480 484 543 obolis
509 480 635 544 duobus
658 483 688 542 in
718 490 813 543 aceto
837 490 870 543 et
894 480 1014 563 cyatho
1038 482 1101 543 vini
1124 482 1193 544 dari
1216 480 1333 543 iubet.»

161 590 235 651 Hoc
266 590 443 652 remedium
474 589 568 670 apud,
594 586 770 669 Apuleium
800 609 864 650 non
896 588 1021 670 legitur,
1070 589 1147 652 Plin.
1184 604 1234 665 24,
1264 588 1334 667 167.

164 698 301 760 «adiecit
323 694 372 758 his
397 693 551 758 Crateuas
575 695 774 773 oenotheriu,
798 698 886 758 cuius
911 702 1090 774 adspersu
1125 716 1142 758 e
1166 697 1240 758 vino
1265 695 1336 757 leri·

160 812 209 867 tas
233 805 376 890 omnium
399 802 581 866 animalium
606 804 837 884 mitigaremus

266 912 377 976 Diosc.
401 910 458 973 IV.
489 910 558 972 116.
584 912 625 973 de
650 931 771 991 onagra
790 911 883 973 dicit:
907 895 1103 990 ,Λύναμιν
1131 898 1167 968 δὲ
1198 898 1265 987 ἔχει
1292 894 1336 968 τὸ

163 1000 372 1101 οἷπόβρεγμα
417 1015 478 1101 τῆς
520 1004 610 1101 ρ’ίζης
646 998 714 1075 ὑπὸ
746 1012 817 1077 τῶν
855 999 986 1101 ἀγρίων
1023 1003 1114 1091 ζώων
1145 1002 1337 1096 πινόμενον

160 1125 314 1227 ἡμεροῦν
347 1125 480 1208 αὗταί(

266 1250 432 1331 Theophr.
457 1249 528 1313 hist.
546 1250 643 1332 plant.
660 1254 722 1329 IX,
752 1267 799 1331 19,
828 1267 839 1310 1
869 1231 888 1334 ἡ
918 1238 955 1308 (λε’
984 1247 1048 1308 τοῦ
1072 1232 1228 1335 ὀνοθήρα
1259 1239 1336 1333 ῥίζα

162 1351 318 1417 ποθεῑσα
349 1350 387 1415 ἑν
414 1349 496 1436 οἴνῳ
524 1341 722 1440 πρᾳότερον
747 1347 805 1415 καί
825 1341 1036 1440 ἱλαρώτερον
1054 1353 1151 1416 ποιεῖ
1166 1342 1209 1416 τὸ
1237 1337 1334 1440 ἦθος.

160 1447 194 1510 Α
216 1447 319 1510 tribus
343 1447 527 1510 auctoribus
551 1449 592 1510 de
622 1449 736 1509 eadem
769 1447 879 1528 planta
911 1449 1023 1528 agitur.
1072 1446 1197 1529 Quodsi
1221 1448 1336 1511 Plinius

161 1559 277 1620 eadem
301 1556 405 1633 refert,
430 1574 515 1636 quae
538 1557 626 1636 apud
651 1553 823 1618 Cratevam
853 1557 971 1635 scripta
996 1564 1100 1632 erant,
1124 1555 1209 1617 hunc
1233 1558 1335 1638 magis

160 1665 413 1746 superstitiosum
445 1684 542 1744 quam
574 1664 707 1725 doctum
739 1665 770 1724 in
803 1662 967 1743 disciplina
990 1683 1047 1724 sua
1071 1663 1164 1725 luisse
1189 1665 1336 1726 conicere

161 1771 244 1834 licet.
268 1770 335 1833 Plin
360 1784 411 1851 25,
434 1772 487 1834 62.
516 1770 600 1852 «Ipsi
615 1771 792 1834 Mithridati
810 1770 963 1833 Cratevas
980 1772 1148 1852 adscripsit
1171 1792 1275 1848 unam,
1292 1809 1333 1819 —

160 1878 391 1961 Mithridatiam
416 1887 566 1941 vocatam
592 1913 634 1924 -
658 1878 731 1940 huic
755 1878 830 1940 lolia
861 1880 926 1941 duo
951 1899 970 1940 a
1004 1879 1111 1941 radice
1135 1878 1272 1941 acantho
1296 1881 1335 1941 si-

161 1986 262 2065 milia,
294 1987 391 2049 caulis
421 1989 503 2050 inter
534 1996 670 2068 utraque
705 1988 861 2049 sustinens
895 2007 1023 2049 roseum
1055 1986 1199 2056 florem»
1248 1987 1335 2049 Ecce

162 2094 262 2157 altera
280 2093 438 2158 Cratevae
462 2096 645 2176 descriptio,
669 2115 767 2176 quam
790 2096 857 2156 sine
881 2093 980 2157 dubio
996 2094 1112 2156 Plinius
1127 2094 1179 2157 hic
1203 2098 1335 2176 rescrip-

160 2204 209 2270 sit,
256 2202 334 2264 Plin.
360 2205 390 2265 in
419 2218 466 2284 19,
495 2203 551 2282 165
579 2212 613 2265 ct
637 2217 687 2280 22,
714 2214 764 2281 75,
798 2222 895 2282 quem
924 2201 1032 2263 locum
1063 2222 1160 2283 supra
1187 2205 1335 2265 tractavi·

164 2330 243 2387 mus,
267 2308 343 2372 nihil
370 2310 510 2393 profert,
542 2311 631 2391 quod
664 2311 706 2373 ad
728 2309 905 2391 Apuleium
936 2311 1105 2390 pertineat,
1151 2308 1232 2372 Aliis
1257 2311 1335 2373 locis

161 2417 250 2481 Plinii
273 2418 365 2480 nobis
390 2416 548 2481 Cratevae
571 2438 689 2481 nomen
714 2438 777 2479 non
802 2420 949 2487 occurrit.
992 2415 1059 2480 Sed
1083 2437 1126 2479 ex
1150 2438 1188 2480 ea
1212 2439 1245 2480 re
1269 2438 1334 2480 non

161 2525 236 2589 licet
260 2527 415 2604 conicere,
439 2525 573 2588 Plinium
604 2546 648 2588 cx
672 2525 811 2588 Crateva
842 2525 918 2587 nihil
942 2525 1027 2588 aliud
1052 2535 1230 2588 mutuatum
1255 2545 1334 2595 esse,

161 2634 279 2714 Neque
313 2635 397 2696 enim
427 2654 556 2715 semper
587 2654 704 2696 nomen
736 2634 875 2696 auctoris
906 2633 948 2696 ab
980 2654 1019 2696 eo
1044 2635 1240 2715 adscriptum
1265 2655 1334 2697 esse

162 2740 329 2803 verisimile
354 2749 408 2803 est.
444 2741 481 2804 ld
506 2743 547 2804 de
571 2742 671 2804 Plinio
696 2742 843 2803 conicere
867 2740 950 2819 licet,
974 2742 1015 2803 de
1031 2741 1221 2829 Dioscoride
1245 2751 1334 2805 certo

162 2856 353 2930 argumento
378 2850 590 2912 demonstrari
614 2857 732 2930 potest.
775 2848 966 2911 Remedium
991 2850 1083 2925 enim,
1107 2850 1196 2929 quod
1220 2850 1336 2912 Plinius

162 2957 193 3017 in
217 2955 270 3025 lib.
296 2972 347 3034 20,
379 2957 420 3035 63
447 2956 604 3020 Cratevae
638 2977 709 3019 esse
742 2958 832 3034 dicit,
863 2958 949 3019 idem
973 2958 1003 3018 in
1026 2956 1224 3019 Dioscoridis
1248 2957 1267 3026 l.
1293 2960 1336 3036 II,

168 3082 224 3161 165
251 3081 345 3144 nobis
369 3083 525 3144 occurrit:
560 3070 727 3164 καθαίρει
763 3069 800 3139 δὲ
835 3063 911 3157 μετ’
946 3062 1134 3163 ι’ξυκροίτου
1162 3071 1288 3148 ποθεὶς
1316 3064 1335 3140 ὁ

163 3170 248 3255 ὀαὸς
279 3180 376 3247 δυοῖν
404 3171 534 3268 ὀβολῶν
562 3171 639 3273 ὃλκῆ
667 3171 824 3272 ὑδατώδη
852 3172 944 3247 κατὰ
971 3176 1113 3248 κοιλίαν.
1148 3188 1222 3251 Hoc
1234 3210 1336 3251 reme-

143 3285 251 3359 'dium
267 3294 475 3359 Dioscorides
498 3298 564 3359 sine
589 3297 688 3359 dubio
713 3318 756 3359 ex
777 3296 916 3359 Crateva
940 3297 1098 3377 repetivit,
1121 3317 1237 3359 nomen
1262 3318 1336 3359 auc-

163 3405 242 3466 toris
264 3403 418 3485 neglexit.
456 3403 552 3467 Unde
577 3405 724 3467 conicere
748 3403 821 3466 licet
845 3411 878 3466 et
901 3404 1124 3466 Dioscoridem
1149 3413 1181 3466 et
1203 3404 1337 3466 Plinium

164 3511 264 3573 multa
288 3530 330 3572 ex
355 3509 513 3573 Cratevae
536 3513 662 3593 scriptis
690 3513 890 3592 excerpsisse
913 3513 1041 3573 nomine
1075 3513 1213 3573 auctoris
1245 3533 1338 3593 prae·

164 3619 319 3694 termisso,
343 3620 534 3698 praesertim
551 3620 576 3680 si
593 3639 640 3696 ea,
663 3639 746 3700 quae
762 3620 850 3699 apud
868 3616 1038 3681 Cratevam
1054 3620 1248 3697 invenerant,
1265 3640 1337 3682 cum

164 3726 231 3789 aliis
248 3726 457 3808 scriptoribus
469 3726 719 3790 consentiebant.
745 3725 943 3790 Crediderim
959 3727 1056 3807 igitur
1070 3726 1245 3807 Apuleium
1258 3749 1338 3808 quo-

165 3854 229 3916 que
245 3834 354 3911 multa,
378 3854 461 3915 quae
485 3844 540 3896 aut
557 3855 631 3896 cum
646 3834 746 3896 Plinio
770 3842 825 3897 aut
841 3853 915 3896 cum
930 3833 1120 3896 Dioscoride
1137 3837 1339 3913 conveniunt,

165 3964 208 4006 ex
224 3944 368 4005 versione
381 3942 479 4004 latina
492 3939 650 4006 Cratevae
663 3943 829 4023 repetisse.
854 3941 961 4005 Velim
983 3940 1065 4003 haec
1077 3943 1240 4005 conseras:
1260 3943 1339 4005 Dio-

165 4052 307 4113 scorides
336 4051 413 4113 dicit
436 4052 466 4112 in
490 4050 544 4113 lib.
569 4054 632 4128 III,
654 4050 676 4111 6
699 4033 818 4128 „perui
851 4037 887 4106 δὲ
924 4036 1086 4131 κυπείρου
1113 4037 1171 4107 καί
1200 4041 1339 4132 δρακον-

165 4146 245 4216 τίου
282 4148 482 4241 σπέρματος
519 4147 577 4216 καὶ
613 4147 754 4237 μελιτος
795 4151 869 4223 τοῖς
912 4149 949 4215 ἐν
990 4145 1060 4240 ῥινί
1101 4142 1340 4239 καρκινώμασι
