3000 4604
728 142 771 228 41

649 260 861 272 ————-—-

276 368 310 448 C.
336 364 388 453 lll,
415 400 443 450 2.
472 382 546 447 «Ad
571 388 689 449 ventris
713 388 870 453 dolorem.
906 368 1041 451 herbam
1065 371 1207 472 quinque
1232 372 1342 454 lolluni

167 506 294 559 tunsam
319 503 352 557 et
375 514 564 577 expressum
597 515 709 556 sucum
734 498 800 559 eius
823 497 951 575 bibere,
984 496 1130 559 dolorem
1153 500 1219 560 sine
1251 520 1342 563 mora

166 604 257 667 tollit.
283 608 457 667 cocliaria
481 607 556 666 duo
581 607 721 667 dabis»
760 604 852 666 Haec
875 606 984 685 inepta
1001 625 1071 667 esse
1088 615 1233 686 apparet.
1260 605 1341 678 Cod.
1393 598 1396 603 ¹

167 713 209 776 V.
235 721 308 793 post
335 712 441 772 «eius»
468 711 604 790 praebet
631 711 775 789 «dabis»,
800 713 906 774 omisit
933 711 1101 775 «cocliaria
1124 714 1221 778 duo».
1258 714 1342 779 Scri=

165 820 308 883 bendum
332 827 393 881 est:
421 817 574 880 «herbam
598 838 652 899 qu.
677 827 760 888 tuns,
785 829 818 882 et
842 839 955 904 expr,
982 840 1095 882 sucum
1125 823 1193 884 eius
1225 830 1341 887 cocli-

165 936 244 994 aria
268 933 343 992 duo
368 931 475 991 dabis
497 926 618 1003 bibere,
642 926 789 990 dolorem
813 931 894 997 etc,“
925 926 1116 1009 Corruptela
1140 949 1183 991 ex
1206 951 1247 993 eo
1271 939 1343 994 orta

166 1056 237 1099 esse
261 1036 403 1109 videtur,
439 1033 528 1114 quod
552 1033 713 1112 librarius,
743 1055 834 1116 vquae
861 1055 920 1098 suo
952 1035 1026 1098 loco
1059 1038 1182 1114 omisit,
1217 1039 1248 1100 in
1279 1039 1342 1102 fine

165 1145 301 1227 adiecit..

273 1250 309 1316 C.
333 1249 385 1314 ΙΠ.
410 1268 442 1331 9.
465 1256 539 1328 „Ad
565 1269 740 1315 cancrum
764 1255 1036 1316 excecandum“
1059 1252 1097 1316 L.
1124 1257 1341 1318 exsecandum

165 1362 209 1432 V,
232 1360 460 1422 exsiccandum
477 1358 575 1439 Vulg.
592 1356 678 1439 Quin
694 1359 727 1420 V
743 1380 808 1420 non
824 1368 913 1421 recta
936 1359 1037 1422 verba
1052 1360 1220 1440 praebeat,
1244 1383 1341 1445 prop-

165 1477 254 1532 terea
285 1467 418 1530 dubium
448 1487 513 1528 non
546 1475 613 1544 est,
645 1467 734 1548 quod
766 1477 879 1530 auctor
910 1469 952 1530 ad
988 1470 1164 1530 medicinae
1188 1472 1341 1550 inperitos

164 1583 298 1657 spectat.
335 1574 583 1652 Exsiccandum,
608 1575 697 1655 quod
713 1574 812 1656 Vulg.
830 1573 938 1652 habet,
963 1584 1085 1638 rectam
1101 1577 1233 1657 quidem
1248 1597 1340 1658 prae·

164 1685 224 1763 bet
234 1685 433 1760 sententiam,
448 1683 506 1744 sed
520 1683 736 1744 coniecturam
750 1701 820 1744 esse
830 1691 920 1762 puto,
944 1682 1107 1763 Equidem
1121 1682 1292 1748 litteraein
1302 1708 1340 1749 ae

167 1799 290 1853 mutata
304 1828 344 1839 -
358 1791 543 1870 saepissime
558 1788 629 1851 illae
642 1788 767 1851 litterae
784 1792 815 1851 in
828 1791 941 1852 codice
958 1799 1195 1854 commutantur
1205 1831 1246 1841 —
1266 1797 1340 1856 scri·
1399 1789 1402 1794 ’

164 1900 240 1963 bam
256 1903 583 1967 «excaecandum»,
609 1896 701 1961 Conf.
718 1897 802 1961 Celsi
818 1898 873 1966 VI,
886 1912 914 1977 7.
934 1911 968 1977 15
980 1898 1032 1962 fin.
1058 1899 1112 1975 „Id
1122 1900 1206 1961 enim
1214 1901 1340 1982 signum

165 2016 213 2070 est
238 2009 328 2087 quasi
352 2014 602 2068 excaecatorum
626 2008 788 2082 itinerum,
816 2025 874 2086 per
898 2026 982 2086 quae
1006 2005 1122 2068 humor
1145 2006 1337 2072 ferebatur.»

272 2113 309 2177 C.
344 2116 400 2182 IV.
436 2112 522 2197 Inter
555 2133 737 2194 synonyma
772 2112 997 2174 hierabotanes
1032 2112 1149 2194 legitur
1190 2119 1338 2180 «diosa··

162 2229 250 2286 tim»
276 2221 309 2282 V
335 2222 519 2283 «diosatin.»
567 2220 603 2282 In
625 2221 713 2301 vulg.
742 2220 862 2283 nullum
882 2224 1011 2282 “nomen
1033 2220 1158 2302 legitur,
1183 2223 1272 2303 quod
1296 2224 1339 2287 illi

164 2331 370 2411 respondeat.
415 2328 450 2389 ln
474 2327 612 2391 lectione
636 2331 785 2392 codicum
809 2328 888 2391 latet
910 2330 977 2390 sine
1002 2329 1101 2390 dubio
1128 2334 1336 2394 «diosaten»
1453 2330 1461 2341 '

163 2418 215 2522 (=
238 2422 331 2502 Διὸς
351 2415 467 2519 ἄτην).
506 2434 701 2518 Saepissime
726 2452 746 2520 η
770 2436 876 2500 littera
899 2438 1124 2518 iexprimitur,
1160 2436 1197 2498 Id
1220 2457 1339 2500 nomen

162 2551 285 2629 optime
313 2565 386 2607 cum
410 2545 554 2621 nomine,
586 2546 675 2624 quod
708 2547 739 2606 in
762 2545 875 2608 Diosc.
904 2546 961 2613 IV.
994 2557 1036 2620 42
1066 2544 1232 2621 invenitur,
1264 2566 1339 2608 con·

160 2656 272 2717 sentit:
304 2647 504 2734 «προφῆται
516 2631 628 2733 Ἥρας
655 2635 838 2734 δάκρυον»,
867 2652 917 2713 cui
950 2652 1124 2733 respondet
1151 2636 1243 2718 Διὸς
1272 2635 1339 2736 ἄτη

160 2763 234 2826 cod.
257 2762 297 2830 L,
321 2768 354 2822 et
377 2758 420 2827 V.

267 2887 391 2949 lbidem
415 2884 531 2966 legitur
546 2904 764 2966 synonymum
790 2891 966 2961 «licinia»,
990 2884 1087 2965 quod·
1097 2885 1249 2965 equidem
1270 2905 1337 2947 non

160 2996 323 3076 intellego
372 2991 453 3056 Cum
477 3001 586 3055 autem
609 2991 691 3055 haec
714 2991 815 3054 herba
838 2994 869 3054 in
894 2994 970 3056 edit.
1010 2992 1040 3052 T
1074 3000 1107 3054 et
1139 2993 1169 3053 in
1194 2992 1267 3056 cod.
1292 2992 1335 3056 V.

161 3107 258 3168 etiam
298 3101 421 3164 collesis
459 3099 604 3186 (ssitunq)
644 3109 677 3163 et
710 3101 883 3162 aristereon
918 3097 1240 3184 (OEintrumtsspllunpe)
1280 3121 1337 3181 ap-

160 3212 317 3296 pellatur,
363 3209 568 3271 scribendum
613 3209 838 3291 proposuerim
886 3213 1090 3286 «lyginion»
1140 3186 1337 3291 (lvyt'wov).

159 3303 260 3397 loyo'c
288 3320 371 3384 enim
394 3317 551 3397 significat
581 3320 833 3393 instrumentum,
870 3336 936 3396 quo
961 3315 1041 3378 fabri
1064 3314 1204 3397 singulas
1228 3323 1337 3396 partes

160 3426 282 3510 glutine
307 3422 430 3486 iunctas
459 3425 673 3506 conprimunt.
720 3423 866 3486 Eandem
896 3424 992 3504 igitur
1021 3424 1212 3485 sententiam
1244 3442 1336 3502 prae-

159 3535 216 3598 bet
239 3552 336 3616 quam
361 3531 484 3594 collesis
508 3540 541 3594 et
564 3533 749 3594 aristereon.
798 3528 834 3600 C,
867 3534 906 3600 V.
942 3529 1060 3611 legitur
1095 3535 1178 3593 «alii
1210 3533 1337 3592 dicunt

160 3641 241 3728 (scil.
265 3640 543 3723 symphoniacam)
561 3645 831 3703 calicularem.»
870 3639 945 3701 Hoc
968 3658 1085 3700 nomen
1108 3639 1252 3718 ineptum
1276 3645 1335 3702 est.

159 3751 254 3814 Haec
277 3747 379 3810 herba
402 3748 510 3810 medio
531 3767 613 3809 aevo
641 3744 858 3808 «caniculata»
885 3744 1118 3822 nominabatur,
1141 3743 1227 3806 unde
1250 3744 1336 3806 coni-

159 3861 242 3921 ciam
265 3855 329 3918 hoe
352 3855 426 3918 loco
450 3854 655 3917 scribendum
679 3874 747 3916 esse
774 3859 1074 3917 «canicularem»

267 3963 303 4033 C.
329 3966 420 4032 Vlll.
454 3961 556 4025 herba
586 3961 841 4042 leontopodium.
882 3960 953 4023 «alii
984 3967 1088 4038 plato
1119 3960 1145 4020 F
1177 3977 1259 4022 um»
1295 3959 1334 4025 L.

161 4072 388 4155 «plantarium»
414 4069 457 4135 V.
485 4067 735 4150 «plantiphilon»
761 4068 802 4139 T,
826 4069 857 4130 in
882 4068 1033 4148 margine.

264 4179 301 4242 In
323 4177 372 4242 his
395 4177 496 4240 latere
512 4177 639 4240 videtur
663 4177 961 4255 „platyphyllon‘
985 4174 1148 4255 vulgatae.
1184 4173 1335 4314 Dssescrip·
