<?xml version="1.0" encoding="UTF-8"?>
<!DOCTYPE html PUBLIC "-//W3C//DTD XHTML 1.0 Transitional//EN"
    "http://www.w3.org/TR/xhtml1/DTD/xhtml1-transitional.dtd">
<html xmlns="http://www.w3.org/1999/xhtml" xml:lang="en" lang="en">
 <head>
  <title>
</title>
<meta http-equiv="Content-Type" content="text/html;charset=utf-8" />
  <meta name='ocr-system' content='tesseract 3.04.00' />
  <meta name='ocr-capabilities' content='ocr_page ocr_carea ocr_par ocr_line ocrx_word'/>
</head>
<body>
  <div class='ocr_page' id='page_1' title='image "./depseudoapuleih00koebgoog_0013.png"; bbox 0 0 3000 4604; ppageno 0'>
   <div class='ocr_carea' id='block_1_1' title="bbox 158 390 1336 1981">
    <p class='ocr_par' dir='ltr' id='par_1_1' title="bbox 158 390 1336 1656">
     <span class='ocr_line' id='line_1_1' title="bbox 160 390 1334 473; baseline 0.001 -21"><span class='ocrx_word' id='word_1_1' title='bbox 160 392 236 473; x_wconf 78' lang='lat' dir='ltr'>gies,</span> <span class='ocrx_word' id='word_1_2' title='bbox 283 390 318 452; x_wconf 89' lang='lat' dir='ltr'>In</span> <span class='ocrx_word' id='word_1_3' title='bbox 348 392 461 454; x_wconf 87' lang='lat' dir='ltr'>codice</span> <span class='ocrx_word' id='word_1_4' title='bbox 493 390 619 473; x_wconf 89' lang='lat' dir='ltr'>plurimi</span> <span class='ocrx_word' id='word_1_5' title='bbox 652 390 769 453; x_wconf 88' lang='lat' dir='ltr'>librarii</span> <span class='ocrx_word' id='word_1_6' title='bbox 793 412 917 453; x_wconf 88' lang='lat' dir='ltr'>errores</span> <span class='ocrx_word' id='word_1_7' title='bbox 942 392 1150 468; x_wconf 86' lang='lat' dir='ltr'>inveniuntur,</span> <span class='ocrx_word' id='word_1_8' title='bbox 1174 412 1192 453; x_wconf 88' lang='lat' dir='ltr'>e</span> <span class='ocrx_word' id='word_1_9' title='bbox 1218 393 1334 472; x_wconf 88' lang='lat' dir='ltr'>quibus</span> 
     </span>
     <span class='ocr_line' id='line_1_2' title="bbox 159 495 1334 584; baseline 0.002 -24"><span class='ocrx_word' id='word_1_10' title='bbox 159 499 246 561; x_wconf 89' lang='lat' dir='ltr'>illum</span> <span class='ocrx_word' id='word_1_11' title='bbox 270 521 333 561; x_wconf 91' lang='lat' dir='ltr'>non</span> <span class='ocrx_word' id='word_1_12' title='bbox 357 499 560 584; x_wconf 82' lang='lat' dir='ltr'>intellexisse,</span> <span class='ocrx_word' id='word_1_13' title='bbox 585 500 662 580; x_wconf 92' lang='lat' dir='ltr'>quid</span> <span class='ocrx_word' id='word_1_14' title='bbox 685 500 847 576; x_wconf 88' lang='lat' dir='ltr'>scriberet,</span> <span class='ocrx_word' id='word_1_15' title='bbox 871 507 1017 580; x_wconf 88' lang='lat' dir='ltr'>apparet.</span> <span class='ocrx_word' id='word_1_16' title='bbox 1054 498 1100 562; x_wconf 91' lang='lat' dir='ltr'>Ut</span> <span class='ocrx_word' id='word_1_17' title='bbox 1123 498 1242 560; x_wconf 89' lang='lat' dir='ltr'>multos</span> <span class='ocrx_word' id='word_1_18' title='bbox 1267 495 1334 581; x_wconf 86' lang='lat' dir='ltr'>lap·</span> 
     </span>
     <span class='ocr_line' id='line_1_3' title="bbox 159 605 1335 688; baseline 0.001 -20"><span class='ocrx_word' id='word_1_19' title='bbox 159 627 211 668; x_wconf 88' lang='lat' dir='ltr'>sus</span> <span class='ocrx_word' id='word_1_20' title='bbox 235 608 301 669; x_wconf 89' lang='lat' dir='ltr'>eius</span> <span class='ocrx_word' id='word_1_21' title='bbox 326 609 379 687; x_wconf 92' lang='lat' dir='ltr'>qui</span> <span class='ocrx_word' id='word_1_22' title='bbox 403 627 587 687; x_wconf 86' lang='lat' dir='ltr'>synonyma</span> <span class='ocrx_word' id='word_1_23' title='bbox 609 608 734 688; x_wconf 88' lang='lat' dir='ltr'>scripsit</span> <span class='ocrx_word' id='word_1_24' title='bbox 767 609 922 684; x_wconf 84' lang='lat' dir='ltr'>omittam,</span> <span class='ocrx_word' id='word_1_25' title='bbox 954 605 1034 668; x_wconf 86' lang='lat' dir='ltr'>haec</span> <span class='ocrx_word' id='word_1_26' title='bbox 1066 607 1208 687; x_wconf 84' lang='lat' dir='ltr'>exempli</span> <span class='ocrx_word' id='word_1_27' title='bbox 1233 610 1335 688; x_wconf 84' lang='lat' dir='ltr'>gratia</span> 
     </span>
     <span class='ocr_line' id='line_1_4' title="bbox 161 714 1333 796; baseline 0.003 -22"><span class='ocrx_word' id='word_1_28' title='bbox 161 714 319 777; x_wconf 86' lang='lat' dir='ltr'>adseram:</span> <span class='ocrx_word' id='word_1_29' title='bbox 345 714 424 796; x_wconf 87' lang='lat' dir='ltr'><strong>Cap.</strong></span> <span class='ocrx_word' id='word_1_30' title='bbox 449 718 466 782; x_wconf 88' lang='lat' dir='ltr'>I</span> <span class='ocrx_word' id='word_1_31' title='bbox 491 716 623 777; x_wconf 88' lang='lat' dir='ltr'>virtutes</span> <span class='ocrx_word' id='word_1_32' title='bbox 657 716 887 795; x_wconf 84' lang='lat' dir='ltr'>praescriptae</span> <span class='ocrx_word' id='word_1_33' title='bbox 911 735 971 796; x_wconf 91' lang='lat' dir='ltr'>pro</span> <span class='ocrx_word' id='word_1_34' title='bbox 996 719 1091 778; x_wconf 82' lang='lat' dir='ltr'>inira</span> <span class='ocrx_word' id='word_1_35' title='bbox 1117 716 1265 795; x_wconf 85' lang='lat' dir='ltr'>scriptae.</span> <span class='ocrx_word' id='word_1_36' title='bbox 1291 716 1333 785; x_wconf 81' lang='lat' dir='ltr'>ib.</span> 
     </span>
     <span class='ocr_line' id='line_1_5' title="bbox 158 822 1335 902; baseline 0.002 -19"><span class='ocrx_word' id='word_1_37' title='bbox 158 826 304 885; x_wconf 85' lang='lat' dir='ltr'>tiendus</span> <span class='ocrx_word' id='word_1_38' title='bbox 328 841 387 902; x_wconf 91' lang='lat' dir='ltr'>pro</span> <span class='ocrx_word' id='word_1_39' title='bbox 411 828 641 885; x_wconf 80' lang='lat' dir='ltr'>metuendos</span> <span class='ocrx_word' id='word_1_40' title='bbox 666 824 715 893; x_wconf 75' lang='lat' dir='ltr'>tit,</span> <span class='ocrx_word' id='word_1_41' title='bbox 731 822 762 884; x_wconf 87' lang='lat'>6.</span> <span class='ocrx_word' id='word_1_42' title='bbox 787 828 906 885; x_wconf 75' lang='lat' dir='ltr'>tiliato</span> <span class='ocrx_word' id='word_1_43' title='bbox 931 842 991 902; x_wconf 89' lang='lat' dir='ltr'>pro</span> <span class='ocrx_word' id='word_1_44' title='bbox 1016 827 1154 886; x_wconf 84' lang='lat' dir='ltr'>stillato</span> <span class='ocrx_word' id='word_1_45' title='bbox 1176 823 1194 884; x_wconf 89' lang='lat'><em>8</em></span> <span class='ocrx_word' id='word_1_46' title='bbox 1224 830 1335 885; x_wconf 87' lang='lat' dir='ltr'>semis</span> 
     </span>
     <span class='ocr_line' id='line_1_6' title="bbox 159 931 1335 1012; baseline 0.001 -22"><span class='ocrx_word' id='word_1_47' title='bbox 159 949 218 1009; x_wconf 93' lang='lat' dir='ltr'>pro</span> <span class='ocrx_word' id='word_1_48' title='bbox 244 936 383 993; x_wconf 83' lang='lat' dir='ltr'>sumtis¹</span> <span class='ocrx_word' id='word_1_49' title='bbox 417 931 454 992; x_wconf 89' lang='lat'>18</span> <span class='ocrx_word' id='word_1_50' title='bbox 480 935 601 1008; x_wconf 87' lang='lat' dir='ltr'>adque</span> <span class='ocrx_word' id='word_1_51' title='bbox 634 951 693 1012; x_wconf 93' lang='lat' dir='ltr'>pro</span> <span class='ocrx_word' id='word_1_52' title='bbox 718 950 836 1010; x_wconf 88' lang='lat' dir='ltr'>aeque.</span> <span class='ocrx_word' id='word_1_53' title='bbox 872 947 907 1008; x_wconf 84' lang='lat'>31</span> <span class='ocrx_word' id='word_1_54' title='bbox 936 932 1119 993; x_wconf 84' lang='lat' dir='ltr'>continenti</span> <span class='ocrx_word' id='word_1_55' title='bbox 1149 951 1210 1010; x_wconf 90' lang='lat' dir='ltr'>pro</span> <span class='ocrx_word' id='word_1_56' title='bbox 1235 932 1335 991; x_wconf 86' lang='lat' dir='ltr'>conti·</span> 
     </span>
     <span class='ocr_line' id='line_1_7' title="bbox 159 1038 1334 1120; baseline 0 -20"><span class='ocrx_word' id='word_1_57' title='bbox 159 1054 234 1100; x_wconf 88' lang='lat' dir='ltr'>nuo</span> <span class='ocrx_word' id='word_1_58' title='bbox 260 1040 302 1115; x_wconf 87' lang='grc' dir='ltr'>ΙΙ,</span> <span class='ocrx_word' id='word_1_59' title='bbox 326 1038 347 1099; x_wconf 91' lang='grc'>6</span> <span class='ocrx_word' id='word_1_60' title='bbox 371 1047 407 1100; x_wconf 89' lang='lat' dir='ltr'>et</span> <span class='ocrx_word' id='word_1_61' title='bbox 430 1059 489 1120; x_wconf 93' lang='lat' dir='ltr'>pro</span> <span class='ocrx_word' id='word_1_62' title='bbox 514 1057 557 1101; x_wconf 88' lang='lat' dir='ltr'>ea</span> <span class='ocrx_word' id='word_1_63' title='bbox 582 1053 634 1107; x_wconf 68' lang='lat'>21.</span> <span class='ocrx_word' id='word_1_64' title='bbox 667 1047 839 1101; x_wconf 85' lang='lat' dir='ltr'>tenuntur</span> <span class='ocrx_word' id='word_1_65' title='bbox 867 1058 926 1118; x_wconf 91' lang='lat' dir='ltr'>pro</span> <span class='ocrx_word' id='word_1_66' title='bbox 950 1046 1115 1100; x_wconf 84' lang='lat' dir='ltr'>teneatur</span> <span class='ocrx_word' id='word_1_67' title='bbox 1140 1052 1191 1105; x_wconf 77' lang='lat'>22,</span> <span class='ocrx_word' id='word_1_68' title='bbox 1217 1044 1334 1100; x_wconf 82' lang='lat' dir='ltr'>mitti-</span> 
     </span>
     <span class='ocr_line' id='line_1_8' title="bbox 159 1144 1336 1226; baseline 0.001 -20"><span class='ocrx_word' id='word_1_69' title='bbox 159 1153 219 1207; x_wconf 85' lang='lat' dir='ltr'>tur</span> <span class='ocrx_word' id='word_1_70' title='bbox 242 1167 302 1226; x_wconf 91' lang='lat' dir='ltr'>pro</span> <span class='ocrx_word' id='word_1_71' title='bbox 326 1150 496 1209; x_wconf 82' lang='lat' dir='ltr'>medetur</span> <span class='ocrx_word' id='word_1_72' title='bbox 520 1149 577 1223; x_wconf 83' lang='lat' dir='ltr'>IV,</span> <span class='ocrx_word' id='word_1_73' title='bbox 614 1160 632 1225; x_wconf 91' lang='lat'><em>7</em></span> <span class='ocrx_word' id='word_1_74' title='bbox 665 1148 823 1208; x_wconf 82' lang='lat' dir='ltr'>offultam</span> <span class='ocrx_word' id='word_1_75' title='bbox 857 1166 916 1226; x_wconf 91' lang='lat' dir='ltr'>pro</span> <span class='ocrx_word' id='word_1_76' title='bbox 940 1144 1111 1207; x_wconf 85' lang='lat' dir='ltr'>occultam</span> <span class='ocrx_word' id='word_1_77' title='bbox 1136 1148 1200 1212; x_wconf 89' lang='lat' dir='ltr'>Vll</span> <span class='ocrx_word' id='word_1_78' title='bbox 1224 1152 1336 1208; x_wconf 84' lang='lat' dir='ltr'>aratis</span> 
     </span>
     <span class='ocr_line' id='line_1_9' title="bbox 160 1253 1334 1334; baseline 0.001 -20"><span class='ocrx_word' id='word_1_79' title='bbox 160 1273 219 1333; x_wconf 92' lang='lat' dir='ltr'>pro</span> <span class='ocrx_word' id='word_1_80' title='bbox 244 1272 286 1315; x_wconf 87' lang='lat' dir='ltr'>ac</span> <span class='ocrx_word' id='word_1_81' title='bbox 310 1260 425 1331; x_wconf 88' lang='lat' dir='ltr'>pratis</span> <span class='ocrx_word' id='word_1_82' title='bbox 449 1255 540 1322; x_wconf 87' lang='lat' dir='ltr'>XIV.</span> <span class='ocrx_word' id='word_1_83' title='bbox 575 1270 586 1313; x_wconf 93' lang='lat'>1</span> <span class='ocrx_word' id='word_1_84' title='bbox 623 1258 792 1330; x_wconf 84' lang='lat' dir='ltr'>duplusit</span> <span class='ocrx_word' id='word_1_85' title='bbox 822 1274 882 1334; x_wconf 92' lang='lat' dir='ltr'>pro</span> <span class='ocrx_word' id='word_1_86' title='bbox 916 1257 1032 1330; x_wconf 89' lang='lat' dir='ltr'>duplo</span> <span class='ocrx_word' id='word_1_87' title='bbox 1064 1258 1151 1329; x_wconf 89' lang='lat' dir='ltr'>plus</span> <span class='ocrx_word' id='word_1_88' title='bbox 1180 1259 1227 1314; x_wconf 86' lang='lat' dir='ltr'>sit</span> <span class='ocrx_word' id='word_1_89' title='bbox 1258 1253 1334 1322; x_wconf 81' lang='lat' dir='ltr'>ibid.</span> 
     </span>
     <span class='ocr_line' id='line_1_10' title="bbox 159 1359 1333 1442; baseline 0.003 -23"><span class='ocrx_word' id='word_1_90' title='bbox 159 1359 218 1420; x_wconf 89' lang='lat' dir='ltr'>sub</span> <span class='ocrx_word' id='word_1_91' title='bbox 244 1366 347 1423; x_wconf 86' lang='lat' dir='ltr'>cinus</span> <span class='ocrx_word' id='word_1_92' title='bbox 371 1380 431 1442; x_wconf 91' lang='lat' dir='ltr'>pro</span> <span class='ocrx_word' id='word_1_93' title='bbox 455 1360 515 1422; x_wconf 90' lang='lat' dir='ltr'>sub</span> <span class='ocrx_word' id='word_1_94' title='bbox 540 1367 712 1438; x_wconf 86' lang='lat' dir='ltr'>cinerem,</span> <span class='ocrx_word' id='word_1_95' title='bbox 737 1363 847 1431; x_wconf 86' lang='lat' dir='ltr'>XVII.</span> <span class='ocrx_word' id='word_1_96' title='bbox 872 1369 982 1438; x_wconf 83' lang='lat' dir='ltr'>caput</span> <span class='ocrx_word' id='word_1_97' title='bbox 1005 1364 1127 1422; x_wconf 90' lang='lat' dir='ltr'>solido</span> <span class='ocrx_word' id='word_1_98' title='bbox 1144 1381 1203 1440; x_wconf 92' lang='lat' dir='ltr'>pro</span> <span class='ocrx_word' id='word_1_99' title='bbox 1221 1379 1333 1438; x_wconf 86' lang='lat' dir='ltr'>scapo</span> 
     </span>
     <span class='ocr_line' id='line_1_11' title="bbox 160 1467 1334 1549; baseline 0.007 -21"><span class='ocrx_word' id='word_1_100' title='bbox 160 1467 274 1532; x_wconf 78' lang='lat' dir='ltr'>solido,</span> <span class='ocrx_word' id='word_1_101' title='bbox 300 1471 393 1537; x_wconf 89' lang='lat' dir='ltr'>XlX.</span> <span class='ocrx_word' id='word_1_102' title='bbox 421 1487 468 1531; x_wconf 85' lang='lat' dir='ltr'>ex</span> <span class='ocrx_word' id='word_1_103' title='bbox 491 1473 569 1531; x_wconf 87' lang='lat' dir='ltr'>tibo</span> <span class='ocrx_word' id='word_1_104' title='bbox 594 1489 653 1548; x_wconf 92' lang='lat' dir='ltr'>pro</span> <span class='ocrx_word' id='word_1_105' title='bbox 678 1475 819 1532; x_wconf 84' lang='lat' dir='ltr'>aestivo</span> <span class='ocrx_word' id='word_1_106' title='bbox 843 1472 950 1544; x_wconf 83' lang='lat' dir='ltr'>XLII,</span> <span class='ocrx_word' id='word_1_107' title='bbox 980 1484 990 1527; x_wconf 93' lang='lat'>1</span> <span class='ocrx_word' id='word_1_108' title='bbox 1019 1467 1094 1529; x_wconf 82' lang='lat' dir='ltr'>solia</span> <span class='ocrx_word' id='word_1_109' title='bbox 1119 1473 1183 1530; x_wconf 77' lang='lat' dir='ltr'>lati</span> <span class='ocrx_word' id='word_1_110' title='bbox 1207 1489 1267 1549; x_wconf 87' lang='lat' dir='ltr'>pro</span> <span class='ocrx_word' id='word_1_111' title='bbox 1288 1469 1334 1530; x_wconf 84' lang='lat' dir='ltr'>so·</span> 
     </span>
     <span class='ocr_line' id='line_1_12' title="bbox 160 1573 982 1656; baseline 0.009 -22"><span class='ocrx_word' id='word_1_112' title='bbox 160 1573 201 1636; x_wconf 89' lang='lat' dir='ltr'>lia</span> <span class='ocrx_word' id='word_1_113' title='bbox 224 1580 372 1652; x_wconf 84' lang='lat' dir='ltr'>lapathi.</span> <span class='ocrx_word' id='word_1_114' title='bbox 397 1578 507 1644; x_wconf 85' lang='lat' dir='ltr'>LXIV</span> <span class='ocrx_word' id='word_1_115' title='bbox 532 1593 681 1637; x_wconf 88' lang='lat' dir='ltr'>oremus</span> <span class='ocrx_word' id='word_1_116' title='bbox 705 1596 764 1656; x_wconf 92' lang='lat' dir='ltr'>pro</span> <span class='ocrx_word' id='word_1_117' title='bbox 788 1581 982 1643; x_wconf 83' lang='lat' dir='ltr'>Homerus.</span> 
     </span>
    </p>

    <p class='ocr_par' dir='ltr' id='par_1_2' title="bbox 267 1681 489 1765">
     <span class='ocr_line' id='line_1_13' title="bbox 267 1681 489 1765; baseline 0.014 -21"><span class='ocrx_word' id='word_1_118' title='bbox 267 1681 354 1764; x_wconf 83' lang='lat' dir='ltr'>Quid</span> <span class='ocrx_word' id='word_1_119' title='bbox 377 1684 489 1765; x_wconf 89' lang='lat' dir='ltr'>plura?</span> 
     </span>
    </p>

    <p class='ocr_par' dir='ltr' id='par_1_3' title="bbox 161 1789 1335 1981">
     <span class='ocr_line' id='line_1_14' title="bbox 269 1789 1335 1871; baseline 0 -19"><span class='ocrx_word' id='word_1_120' title='bbox 269 1789 461 1871; x_wconf 88' lang='lat' dir='ltr'>Synonyma</span> <span class='ocrx_word' id='word_1_121' title='bbox 494 1814 536 1855; x_wconf 89' lang='lat' dir='ltr'>ex</span> <span class='ocrx_word' id='word_1_122' title='bbox 570 1794 697 1857; x_wconf 87' lang='lat' dir='ltr'>Graeco</span> <span class='ocrx_word' id='word_1_123' title='bbox 725 1812 874 1855; x_wconf 88' lang='lat' dir='ltr'>sermone</span> <span class='ocrx_word' id='word_1_124' title='bbox 906 1791 1096 1871; x_wconf 88' lang='lat' dir='ltr'>transcripta</span> <span class='ocrx_word' id='word_1_125' title='bbox 1125 1800 1199 1853; x_wconf 90' lang='lat' dir='ltr'>sunt</span> <span class='ocrx_word' id='word_1_126' title='bbox 1232 1811 1335 1871; x_wconf 86' lang='lat' dir='ltr'>eaque</span> 
     </span>
     <span class='ocr_line' id='line_1_15' title="bbox 161 1887 1109 1981; baseline 0.006 -23"><span class='ocrx_word' id='word_1_127' title='bbox 161 1898 213 1975; x_wconf 85' lang='lat' dir='ltr'>ita,</span> <span class='ocrx_word' id='word_1_128' title='bbox 238 1907 272 1959; x_wconf 88' lang='lat' dir='ltr'>ut</span> <span class='ocrx_word' id='word_1_129' title='bbox 296 1898 350 1961; x_wconf 91' lang='lat' dir='ltr'>illo</span> <span class='ocrx_word' id='word_1_130' title='bbox 373 1908 521 1981; x_wconf 90' lang='lat' dir='ltr'>tempore</span> <span class='ocrx_word' id='word_1_131' title='bbox 546 1902 800 1964; x_wconf 88' lang='lat' dir='ltr'>enuntiabantur.</span> <span class='ocrx_word' id='word_1_132' title='bbox 1107 1887 1109 1892; x_wconf 35' lang='lat'><strong>¹</strong></span> 
     </span>
    </p>
   </div>
   <div class='ocr_carea' id='block_1_2' title="bbox 183 2006 884 2218">
    <p class='ocr_par' dir='ltr' id='par_1_4' title="bbox 183 2006 884 2218">
     <span class='ocr_line' id='line_1_16' title="bbox 296 2006 597 2108; baseline 0.01 -24"><span class='ocrx_word' id='word_1_133' title='bbox 296 2006 311 2108; x_wconf 71' lang='lat' dir='ltr'>l</span> <span class='ocrx_word' id='word_1_134' title='bbox 341 2043 379 2084; x_wconf 87' lang='grc' dir='ltr'>αι</span> <span class='ocrx_word' id='word_1_135' title='bbox 409 2047 482 2090; x_wconf 88' lang='lat' dir='ltr'>ema</span> <span class='ocrx_word' id='word_1_136' title='bbox 507 2016 597 2106; x_wconf 82' lang='grc' dir='ltr'><em>αἷμα</em></span> 
     </span>
     <span class='ocr_line' id='line_1_17' title="bbox 183 2097 884 2218; baseline 0.003 -27"><span class='ocrx_word' id='word_1_137' title='bbox 183 2097 200 2138; x_wconf 68' lang='lat' dir='ltr'>e</span> <span class='ocrx_word' id='word_1_138' title='bbox 226 2117 259 2142; x_wconf 72' lang='lat'>²</span> <span class='ocrx_word' id='word_1_139' title='bbox 296 2114 312 2216; x_wconf 71' lang='lat'>1</span> <span class='ocrx_word' id='word_1_140' title='bbox 342 2149 372 2191; x_wconf 82' lang='grc' dir='ltr'>ει</span> <span class='ocrx_word' id='word_1_141' title='bbox 400 2134 614 2198; x_wconf 88' lang='lat' dir='ltr'>alexandreos</span> <span class='ocrx_word' id='word_1_142' title='bbox 644 2117 884 2218; x_wconf 74' lang='grc' dir='ltr'>ἄλεξάνδρειος</span> 
     </span>
    </p>
   </div>
   <div class='ocr_carea' id='block_1_3' title="bbox 162 2243 820 2345">
    <p class='ocr_par' dir='ltr' id='par_1_5' title="bbox 162 2243 820 2345">
     <span class='ocr_line' id='line_1_18' title="bbox 162 2243 820 2345; baseline 0 -26"><span class='ocrx_word' id='word_1_143' title='bbox 162 2278 200 2319; x_wconf 87' lang='lat' dir='ltr'>ae</span> <span class='ocrx_word' id='word_1_144' title='bbox 225 2296 257 2319; x_wconf 87' lang='lat'><strong><em>=</em></strong></span> <span class='ocrx_word' id='word_1_145' title='bbox 287 2274 302 2316; x_wconf 82' lang='grc' dir='ltr'><em>ε</em></span> <span class='ocrx_word' id='word_1_146' title='bbox 331 2278 363 2303; x_wconf 84' lang='grc'>--</span> <span class='ocrx_word' id='word_1_147' title='bbox 393 2274 413 2342; x_wconf 80' lang='grc' dir='ltr'><em>η</em></span> <span class='ocrx_word' id='word_1_148' title='bbox 441 2260 605 2324; x_wconf 88' lang='lat' dir='ltr'>aeracleos</span> <span class='ocrx_word' id='word_1_149' title='bbox 630 2243 820 2345; x_wconf 78' lang='grc' dir='ltr'><em>Ἡράκλεος</em></span> 
     </span>
    </p>
   </div>
   <div class='ocr_carea' id='block_1_4' title="bbox 177 2364 647 2552">
    <p class='ocr_par' dir='ltr' id='par_1_6' title="bbox 177 2364 647 2552">
     <span class='ocr_line' id='line_1_19' title="bbox 288 2364 647 2522; baseline -0.008 -74"><span class='ocrx_word' id='word_1_150' title='bbox 288 2364 344 2522; x_wconf 84' lang='grc' dir='ltr'>Ιη</span> <span class='ocrx_word' id='word_1_151' title='bbox 374 2386 454 2467; x_wconf 86' lang='lat' dir='ltr'>galis</span> <span class='ocrx_word' id='word_1_152' title='bbox 480 2405 513 2430; x_wconf 95' lang='lat'>=</span> <span class='ocrx_word' id='word_1_153' title='bbox 541 2380 647 2470; x_wconf 70' lang='grc' dir='ltr'><em>γαλῆς</em></span> 
     </span>
     <span class='ocr_line' id='line_1_20' title="bbox 177 2509 336 2552; baseline -0.006 0"><span class='ocrx_word' id='word_1_154' title='bbox 177 2511 187 2552; x_wconf 87' lang='lat' dir='ltr'>r</span> <span class='ocrx_word' id='word_1_155' title='bbox 212 2509 244 2534; x_wconf 94' lang='lat'>=</span> <span class='ocrx_word' id='word_1_156' title='bbox 324 2510 336 2551; x_wconf 90' lang='grc' dir='ltr'><strong><em>ι</em></strong></span> 
     </span>
    </p>
   </div>
   <div class='ocr_carea' id='block_1_5' title="bbox 162 2527 1333 2992">
    <p class='ocr_par' dir='ltr' id='par_1_7' title="bbox 162 2527 1333 2992">
     <span class='ocr_line' id='line_1_21' title="bbox 285 2527 719 2687; baseline -0.012 -24"><span class='ocrx_word' id='word_1_157' title='bbox 285 2527 304 2687; x_wconf 72' lang='grc' dir='ltr'>Ι</span> <span class='ocrx_word' id='word_1_158' title='bbox 323 2615 343 2657; x_wconf 90' lang='lat' dir='ltr'><em>v</em></span> <span class='ocrx_word' id='word_1_159' title='bbox 371 2603 496 2682; x_wconf 88' lang='lat' dir='ltr'>quiatus</span> <span class='ocrx_word' id='word_1_160' title='bbox 525 2621 557 2646; x_wconf 94' lang='lat'>=</span> <span class='ocrx_word' id='word_1_161' title='bbox 586 2584 719 2667; x_wconf 72' lang='grc' dir='ltr'><strong><em>κύαθος</em></strong></span> 
     </span>
     <span class='ocr_line' id='line_1_22' title="bbox 162 2710 748 2811; baseline -0.009 -22"><span class='ocrx_word' id='word_1_162' title='bbox 162 2746 182 2789; x_wconf 92' lang='lat'>0</span> <span class='ocrx_word' id='word_1_163' title='bbox 207 2746 239 2771; x_wconf 92' lang='lat'><strong><em>=</em></strong></span> <span class='ocrx_word' id='word_1_164' title='bbox 270 2745 293 2786; x_wconf 86' lang='grc' dir='ltr'><em>α</em></span> <span class='ocrx_word' id='word_1_165' title='bbox 317 2728 531 2790; x_wconf 88' lang='lat' dir='ltr'>botracion=</span> <span class='ocrx_word' id='word_1_166' title='bbox 544 2710 748 2811; x_wconf 71' lang='grc' dir='ltr'><em>βατράχων.</em></span> 
     </span>
     <span class='ocr_line' id='line_1_23' title="bbox 288 2832 1333 2992; baseline -0.007 -82"><span class='ocrx_word' id='word_1_167' title='bbox 288 2832 345 2992; x_wconf 69' lang='lat' dir='ltr'>lv</span> <span class='ocrx_word' id='word_1_168' title='bbox 849 2834 980 2914; x_wconf 86' lang='lat' dir='ltr'>(confer.</span> <span class='ocrx_word' id='word_1_169' title='bbox 1007 2833 1135 2906; x_wconf 69' lang='lat' dir='ltr'>uiuaci</span> <span class='ocrx_word' id='word_1_170' title='bbox 1162 2833 1263 2920; x_wconf 64' lang='lat' dir='ltr'>ungu</span> <span class='ocrx_word' id='word_1_171' title='bbox 1287 2833 1333 2904; x_wconf 79' lang='lat' dir='ltr'>tic</span> 
     </span>
    </p>
   </div>
   <div class='ocr_carea' id='block_1_6' title="bbox 162 2939 1336 3154">
    <p class='ocr_par' dir='ltr' id='par_1_8' title="bbox 162 2939 1336 3154">
     <span class='ocr_line' id='line_1_24' title="bbox 162 2939 1336 3042; baseline 0.007 -24"><span class='ocrx_word' id='word_1_172' title='bbox 162 2979 242 3040; x_wconf 75' lang='lat' dir='ltr'>y=</span> <span class='ocrx_word' id='word_1_173' title='bbox 325 2969 475 3042; x_wconf 58' lang='lat' dir='ltr'>lstycas</span> <span class='ocrx_word' id='word_1_174' title='bbox 505 2982 537 3005; x_wconf 94' lang='lat'>=</span> <span class='ocrx_word' id='word_1_175' title='bbox 568 2945 704 3038; x_wconf 68' lang='grc' dir='ltr'><strong><em>ςτοιχάς</em></strong></span> <span class='ocrx_word' id='word_1_176' title='bbox 803 2940 991 3026; x_wconf 65' lang='lat' dir='ltr'>austrinae</span> <span class='ocrx_word' id='word_1_177' title='bbox 1034 2942 1089 3012; x_wconf 72' lang='lat' dir='ltr'>tes</span> <span class='ocrx_word' id='word_1_178' title='bbox 1134 2939 1336 3026; x_wconf 70' lang='lat' dir='ltr'>urreurruen</span> 
     </span>
     <span class='ocr_line' id='line_1_25' title="bbox 287 2994 1143 3154; baseline 0 -41"><span class='ocrx_word' id='word_1_179' title='bbox 287 2994 358 3154; x_wconf 63' lang='grc' dir='ltr'>[ω</span> <span class='ocrx_word' id='word_1_180' title='bbox 806 3049 899 3119; x_wconf 83' lang='lat'>1887.</span> <span class='ocrx_word' id='word_1_181' title='bbox 925 3071 956 3131; x_wconf 82' lang='lat' dir='ltr'>p.</span> <span class='ocrx_word' id='word_1_182' title='bbox 984 3049 1048 3118; x_wconf 79' lang='lat'>126</span> <span class='ocrx_word' id='word_1_183' title='bbox 1072 3052 1143 3130; x_wconf 55' lang='lat' dir='ltr'>squ.</span> 
     </span>
    </p>
   </div>
   <div class='ocr_carea' id='block_1_7' title="bbox 164 3625 1337 3811">
    <p class='ocr_par' dir='ltr' id='par_1_9' title="bbox 164 3625 1337 3811">
     <span class='ocr_line' id='line_1_26' title="bbox 164 3625 476 3691; baseline -0.01 0"><span class='ocrx_word' id='word_1_184' title='bbox 164 3650 184 3691; x_wconf 95' lang='lat' dir='ltr'>u</span> <span class='ocrx_word' id='word_1_185' title='bbox 209 3648 242 3672; x_wconf 93' lang='lat'>=</span> <span class='ocrx_word' id='word_1_186' title='bbox 271 3642 292 3684; x_wconf 86' lang='lat' dir='ltr'><em>v</em></span> <span class='ocrx_word' id='word_1_187' title='bbox 320 3625 476 3690; x_wconf 80' lang='lat' dir='ltr'>dactulos</span> 
     </span>
     <span class='ocr_line' id='line_1_27' title="bbox 165 3728 1337 3811; baseline -0.007 -13"><span class='ocrx_word' id='word_1_188' title='bbox 165 3757 205 3797; x_wconf 86' lang='lat' dir='ltr'>au</span> <span class='ocrx_word' id='word_1_189' title='bbox 230 3755 263 3778; x_wconf 93' lang='lat'><strong><em>=</em></strong></span> <span class='ocrx_word' id='word_1_190' title='bbox 287 3734 318 3797; x_wconf 89' lang='lat' dir='ltr'>al</span> <span class='ocrx_word' id='word_1_191' title='bbox 342 3733 492 3796; x_wconf 90' lang='lat' dir='ltr'>cauculus</span> <span class='ocrx_word' id='word_1_192' title='bbox 517 3752 549 3777; x_wconf 97' lang='lat'><strong><em>=</em></strong></span> <span class='ocrx_word' id='word_1_193' title='bbox 574 3731 722 3795; x_wconf 81' lang='lat' dir='ltr'>calculus</span> <span class='ocrx_word' id='word_1_194' title='bbox 770 3730 916 3811; x_wconf 87' lang='lat' dir='ltr'>Utraque</span> <span class='ocrx_word' id='word_1_195' title='bbox 944 3730 1047 3792; x_wconf 79' lang='lat' dir='ltr'>forma</span> <span class='ocrx_word' id='word_1_196' title='bbox 1070 3730 1195 3811; x_wconf 86' lang='lat' dir='ltr'>legitur.</span> <span class='ocrx_word' id='word_1_197' title='bbox 1245 3728 1337 3799; x_wconf 81' lang='lat' dir='ltr'><strong>Conf,</strong></span> 
     </span>
    </p>
   </div>
   <div class='ocr_carea' id='block_1_8' title="bbox 164 3835 1339 4246">
    <p class='ocr_par' dir='ltr' id='par_1_10' title="bbox 164 3835 1339 4033">
     <span class='ocr_line' id='line_1_28' title="bbox 164 3835 1339 3923; baseline -0.009 -10"><span class='ocrx_word' id='word_1_198' title='bbox 164 3842 354 3919; x_wconf 81' lang='lat' dir='ltr'>Seelmann,</span> <span class='ocrx_word' id='word_1_199' title='bbox 386 3839 433 3911; x_wconf 75' lang='lat' dir='ltr'>bic</span> <span class='ocrx_word' id='word_1_200' title='bbox 457 3837 648 3923; x_wconf 66' lang='lat' dir='ltr'>tlutlmuclre</span> <span class='ocrx_word' id='word_1_201' title='bbox 672 3838 726 3908; x_wconf 63' lang='lat' dir='ltr'>bei</span> <span class='ocrx_word' id='word_1_202' title='bbox 750 3837 870 3909; x_wconf 68' lang='lat' dir='ltr'>liutein.</span> <span class='ocrx_word' id='word_1_203' title='bbox 903 3859 936 3918; x_wconf 91' lang='lat' dir='ltr'>p.</span> <span class='ocrx_word' id='word_1_204' title='bbox 961 3838 1025 3905; x_wconf 77' lang='lat'>327</span> <span class='ocrx_word' id='word_1_205' title='bbox 1060 3846 1092 3899; x_wconf 88' lang='lat' dir='ltr'>et</span> <span class='ocrx_word' id='word_1_206' title='bbox 1124 3835 1339 3915; x_wconf 86' lang='lat' dir='ltr'>Schuchardt,</span> 
     </span>
     <span class='ocr_line' id='line_1_29' title="bbox 167 3944 937 4033; baseline -0.012 -11"><span class='ocrx_word' id='word_1_207' title='bbox 167 3948 375 4021; x_wconf 54' lang='lat' dir='ltr'>{totallamus</span> <span class='ocrx_word' id='word_1_208' title='bbox 399 3948 454 4017; x_wconf 67' lang='lat' dir='ltr'>bes</span> <span class='ocrx_word' id='word_1_209' title='bbox 479 3944 724 4033; x_wconf 60' lang='lat' dir='ltr'>tumularetur</span> <span class='ocrx_word' id='word_1_210' title='bbox 750 3949 781 4014; x_wconf 87' lang='lat' dir='ltr'>ll</span> <span class='ocrx_word' id='word_1_211' title='bbox 804 3967 836 4026; x_wconf 88' lang='lat' dir='ltr'>p.</span> <span class='ocrx_word' id='word_1_212' title='bbox 862 3946 937 4014; x_wconf 85' lang='lat'>494.</span> 
     </span>
    </p>

    <p class='ocr_par' dir='ltr' id='par_1_11' title="bbox 275 4052 1183 4133">
     <span class='ocr_line' id='line_1_30' title="bbox 275 4052 1183 4133; baseline -0.007 -15"><span class='ocrx_word' id='word_1_213' title='bbox 275 4077 292 4118; x_wconf 91' lang='lat' dir='ltr'>e</span> <span class='ocrx_word' id='word_1_214' title='bbox 318 4076 350 4100; x_wconf 95' lang='lat'>=</span> <span class='ocrx_word' id='word_1_215' title='bbox 375 4058 384 4118; x_wconf 91' lang='lat' dir='ltr'>i</span> <span class='ocrx_word' id='word_1_216' title='bbox 409 4083 415 4131; x_wconf 93' lang='lat'>;</span> <span class='ocrx_word' id='word_1_217' title='bbox 439 4056 449 4117; x_wconf 94' lang='lat' dir='ltr'>i</span> <span class='ocrx_word' id='word_1_218' title='bbox 473 4075 506 4099; x_wconf 95' lang='lat'>=</span> <span class='ocrx_word' id='word_1_219' title='bbox 530 4075 548 4116; x_wconf 89' lang='lat' dir='ltr'>e</span> <span class='ocrx_word' id='word_1_220' title='bbox 573 4081 580 4130; x_wconf 89' lang='lat'>;</span> <span class='ocrx_word' id='word_1_221' title='bbox 604 4075 624 4115; x_wconf 88' lang='grc' dir='ltr'>ο</span> <span class='ocrx_word' id='word_1_222' title='bbox 649 4073 681 4097; x_wconf 95' lang='lat'>=</span> <span class='ocrx_word' id='word_1_223' title='bbox 707 4075 726 4115; x_wconf 91' lang='lat' dir='ltr'>u</span> <span class='ocrx_word' id='word_1_224' title='bbox 751 4053 833 4116; x_wconf 88' lang='lat' dir='ltr'>cons.</span> <span class='ocrx_word' id='word_1_225' title='bbox 857 4052 1027 4116; x_wconf 86' lang='lat' dir='ltr'>Seelmann</span> <span class='ocrx_word' id='word_1_226' title='bbox 1051 4074 1082 4133; x_wconf 83' lang='lat' dir='ltr'>p.</span> <span class='ocrx_word' id='word_1_227' title='bbox 1109 4064 1183 4130; x_wconf 83' lang='lat'>215.</span> 
     </span>
    </p>

    <p class='ocr_par' dir='ltr' id='par_1_12' title="bbox 274 4161 930 4246">
     <span class='ocr_line' id='line_1_31' title="bbox 274 4161 930 4246; baseline -0.009 -20"><span class='ocrx_word' id='word_1_228' title='bbox 274 4166 284 4226; x_wconf 93' lang='lat' dir='ltr'>i</span> <span class='ocrx_word' id='word_1_229' title='bbox 308 4185 340 4208; x_wconf 92' lang='lat'>=</span> <span class='ocrx_word' id='word_1_230' title='bbox 364 4165 374 4225; x_wconf 97' lang='lat' dir='ltr'>i</span> <span class='ocrx_word' id='word_1_231' title='bbox 398 4183 430 4207; x_wconf 93' lang='lat'>=</span> <span class='ocrx_word' id='word_1_232' title='bbox 455 4184 478 4246; x_wconf 95' lang='lat' dir='ltr'>y</span> <span class='ocrx_word' id='word_1_233' title='bbox 502 4182 535 4206; x_wconf 94' lang='lat'>=</span> <span class='ocrx_word' id='word_1_234' title='bbox 560 4183 579 4225; x_wconf 90' lang='lat' dir='ltr'>u</span> <span class='ocrx_word' id='word_1_235' title='bbox 604 4161 776 4225; x_wconf 87' lang='lat' dir='ltr'>Seelmann</span> <span class='ocrx_word' id='word_1_236' title='bbox 800 4183 831 4243; x_wconf 93' lang='lat' dir='ltr'>p.</span> <span class='ocrx_word' id='word_1_237' title='bbox 858 4176 930 4242; x_wconf 87' lang='lat'>219.</span> 
     </span>
    </p>
   </div>
   <div class='ocr_carea' id='block_1_9' title="bbox 0 0 1510 4604">
    <p class='ocr_par' dir='ltr' id='par_1_13' title="bbox 0 0 1510 4604">
     <span class='ocr_line' id='line_1_32' title="bbox 0 0 1510 4604; baseline 0 0"><span class='ocrx_word' id='word_1_238' title='bbox 0 0 1510 4604; x_wconf 95' lang='lat' dir='ltr'> </span> 
     </span>
    </p>
   </div>
  </div>
 </body>
</html>
