3000 4604
376 398 476 484 Apul.

163 510 288 573 unciam
312 530 408 572 unam
432 519 465 573 et
494 530 598 592 aquae
623 510 696 573 cali·

163 620 225 681 dae
248 617 385 698 cyathos
408 638 526 681 novem
549 618 650 687 bibat.

212 835 273 902 'II.
301 848 330 911 3.
366 832 423 897 Ad
446 832 595 896 dolorem
618 834 696 894 inte·

163 941 290 1004 riorum.
336 938 458 1004 herbae
505 940 696 1022 plantaginis

160 1069 254 1112 sucus
270 1049 363 1129 potui
380 1049 475 1110 datur
498 1056 532 1110 et
547 1048 697 1110 interiora

160 1164 251 1219 sanat
290 1163 323 1217 et
357 1154 525 1218 thoracem
561 1153 697 1217 hominis

161 1270 288 1345 purgat.

229 1372 287 1440 IV.
329 1383 359 1450 7.
406 1368 462 1433 Ad
500 1372 696 1452 serpentium

161 1497 295 1544 morsus.
319 1475 454 1539 herbam
481 1478 696 1541 verbenacam

162 1606 234 1649 cum
265 1587 328 1649 suis
360 1586 519 1649 radicibus
553 1588 697 1668 quisquis

163 1693 323 1757 occultam
337 1694 574 1775 incinctamque
585 1715 695 1758 secum

161 1803 347 1884 portaverit,
379 1801 421 1865 ab
455 1802 602 1866 omnibus
632 1824 697 1867 ser·

161 1911 312 1992 pentibus
335 1910 395 1973 erit
418 1892 515 1974 tutus.

228 2016 309 2087 Ibid.
351 2033 399 2084 12.
445 2017 501 2080 Ad
541 2019 695 2086 ictericos.

163 2125 284 2189 herbae
307 2125 510 2189 verbenacae
542 2125 698 2190 drachma

163 2254 227 2296 una
250 2242 283 2296 et
307 2234 397 2296 nardi
430 2232 518 2296 oboli
541 2243 615 2313 treS,
639 2235 696 2298 ba·

163 2362 221 2405 cae
245 2343 363 2405 crudae
396 2350 429 2405 et
461 2341 611 2405 soliorum
640 2362 696 2405 ex-

162 2469 288 2532 pressus
328 2469 423 2512 sucus
462 2459 495 2512 et
533 2449 696 2531 paululum

162 2555 315 2638 myrrhae
350 2557 506 2619 contritae
538 2577 582 2620 ex
612 2579 697 2639 aqua

163 2662 288 2746 cyathis
304 2664 405 2727 tribus
425 2665 516 2745 potui
540 2665 617 2728 data
640 2686 697 2728 ex·

162 2771 283 2853 pellere
308 2771 456 2834 morbum
481 2773 631 2838 creditur.

1032 391 1109 470 Plln.

806 510 1007 590 portionibus
1030 529 1073 572 ex
1089 529 1174 590 aqua
1194 529 1255 591 pro
1279 510 1341 571 sin-

806 616 908 698 gulari
944 618 1086 680 remedio
1122 616 1234 679 bibere
1268 637 1341 679 sua-

806 724 892 793 dent.

874 832 925 903 26,
952 847 1003 912 74.
1035 833 1270 895 interaneorum
1295 834 1341 895 vi·
1392 835 1395 839 '

805 940 855 1001 tiis
891 941 1028 1003 occurrit
1058 938 1213 1021 plantago
1245 959 1341 1002 mane

805 1056 934 1128 sumpta
978 1047 1101 1109 duabus
1140 1046 1265 1129 lingulis
1307 1057 1341 1111 et

804 1155 899 1216 tertia
922 1156 1093 1236 papaveris
1121 1156 1152 1216 in
1175 1156 1238 1217 vini
1262 1175 1339 1236 cya-

804 1251 867 1324 this
891 1271 1045 1343 quattuor
1067 1283 1132 1326 non
1154 1265 1280 1328 veteris.

873 1386 890 1431 2
896 1382 925 1449 5.
947 1385 1018 1452 107.
1042 1372 1194 1434 adversus
1209 1391 1339 1453 serpen·

804 1479 844 1541 tis
868 1480 1043 1543 conteritur
1066 1500 1110 1542 ex
1135 1481 1216 1550 vino,

873 2017 924 2079 26.
963 2032 1033 2096 123.
1066 2018 1142 2080 item
1174 2016 1250 2099 (scil.
1282 2038 1339 2081 ex·

805 2131 967 2206 pugnatur
983 2125 1114 2188 morbus
1132 2126 1248 2206 regius)
1269 2145 1339 2188 ver·

804 2232 948 2295 benacae
980 2232 1056 2295 lolio
1096 2232 1200 2295 obolis
1237 2233 1338 2295 tribus

805 2361 849 2404 ex
882 2341 945 2404 vini
980 2340 1074 2403 calidi
1104 2339 1232 2403 hemina
1260 2360 1339 2422 qua·

805 2450 921 2514 triduo·

268 2881 358 2948 LXI.
388 2895 399 2938 1
427 2877 552 2941 Eadem
575 2878 677 2943 herba
708 2881 750 2944 ab
770 2878 913 2961 Apuleio
938 2887 971 2942 et
987 2879 1176 2942 Dioscoride
1200 2880 1242 2942 ad
1265 2901 1340 2961 pro·

163 2985 295 3049 fluvium
318 2985 457 3048 mulieris
481 2989 746 3071 restringendum,
774 3009 793 3050 a
816 2987 983 3050 Plinio·ad
1007 3006 1132 3049 menses
1156 2988 1341 3050 evocandos

119 3118 124 3130 ·
163 3084 417 3157 commendatur.

132 3180 135 3187 ’
228 3204 337 3270 LXII.
389 3219 414 3271 1.
460 3201 516 3265 Ad
551 3211 697 3267 ventrem

162 3309 364 3374 solvendum.

229 3415 365 3480 herbam
412 3416 531 3499 leporis
577 3419 697 3499 pedem

162 3526 280 3588 siccam
297 3526 328 3587 in
344 3523 511 3607 pulverem
531 3525 696 3588 redactam

162 3633 240 3696 dato
276 3634 307 3694 in
342 3632 509 3713 potionem
544 3634 575 3695 in
606 3635 697 3710 vino;

161 3741 186 3802 si
211 3739 377 3817 febricitat,
411 3740 442 3802 in
470 3760 556 3820 aqua
579 3739 697 3803 calida:

162 3867 241 3909 mox
266 3856 412 3911 ventrem
436 3853 567 3911 solvet.

874 3185 924 3247 26.
964 3197 1014 3264 53.
1054 3185 1211 3266 Lagopus
1245 3190 1340 3248 sistit

805 3291 912 3355 alvom
945 3312 963 3353 e
995 3293 1069 3354 vino
1104 3300 1185 3373 pota
1219 3300 1275 3353 aut
1308 3292 1339 3352 in

805 3399 885 3462 sebri
909 3419 952 3462 ex
976 3420 1071 3480 aqua.

268 3955 378 4019 Diosc.
406 3957 462 4025 IV.
492 3970 538 4035 17.
583 3938 733 4033 δύναμιν
778 3941 815 4012 δὲ
863 3941 930 4030 ἔχει
978 3935 1164 4010 oratum
1209 3938 1340 4019 κοιλίας

162 4063 348 4158 πινόμενος
366 4060 444 4159 μετ’
466 4070 574 4158 οἴνου,
605 4066 662 4137 ἐπὶ
681 4066 718 4137 δὲ
745 4074 817 4137 τῶν
835 4062 1080 4160 πυρεσσόντων
1097 4067 1182 4157 μεθ’
1204 4057 1338 4145 ὕδατος.

269 4185 388 4250 Confer
411 4186 471 4250 hos
494 4188 597 4251 locos:
631 4191 669 4257 V·
696 4203 733 4267 3;
766 4189 858 4259 XVI.
885 4202 920 4266 33
952 4189 1063 4259 XVII.
1093 4203 1125 4264 13
1152 4188 1277 4257 XVIII·
1307 4201 1340 4263 13
