3000 4604
653 152 866 269 L

171 383 232 457 unt
256 381 456 468 tfoerutieihess
483 389 543 454 uus
560 383 696 469 tarent)
721 384 799 470 nictit
825 385 866 471 in,
891 383 947 456 mie
973 403 1004 455 er
1024 381 1102 470 thot,
1127 383 1347 466 unterictniten

171 492 296 564 tinum.
343 491 415 565 aon
441 490 659 580 tibiittunuen
682 493 749 578 lunt
779 512 810 565 er
835 511 892 579 qur
916 491 1034 578 nicht&
1068 503 1175 596 morer
1199 492 1345 576 nieleictt

170 600 249 687 nicht
274 599 333 671 ulte
358 598 544 687 brompton
570 600 625 671 bet
649 601 808 673 strateius
833 602 931 672 bonit
955 598 1141 685 reiterentu

277 727 345 791 Sed
371 707 722 809 ἅπαρασημειώτους,
757 729 782 789 si
817 736 904 789 recte
940 728 1052 804 vide0‚
1092 746 1156 787 non
1190 727 1349 808 significat

171 835 270 923 ,nictit
295 832 419 923 petitio
444 831 656 917 totonderat
683 836 741 897 sed
768 835 865 917 „nint
901 831 1091 917 lepidumst
1125 836 1157 897 id
1181 844 1229 897 est
1252 856 1347 916 quas-

169 949 246 1010 dam
279 942 395 1006 herbas
430 945 559 1012 omnino
595 962 659 1005 non
696 944 903 1024 descripsere.
954 941 1081 1003 Herbas
1109 963 1187 1005 vero
1220 943 1262 1005 ab
1293 943 1346 1006 illo

170 1053 345 1133 descriptas
376 1070 443 1112 esse
478 1071 542 1112 non
578 1052 761 1113 coniectura
793 1051 852 1112 sed
884 1059 973 1112 certo
998 1059 1190 1131 argumento
1214 1052 1347 1114 demon·

169 1161 260 1223 strari
283 1167 401 1240 potest.
437 1158 606 1239 Leguntur
630 1167 662 1220 et
685 1159 773 1239 apud
796 1157 930 1220 Plinium
954 1166 987 1219 et
1011 1159 1099 1238 apud
1119 1158 1346 1221 Dioscoridem

169 1266 288 1330 herbae
327 1267 566 1347 descriptiones¹
629 1265 664 1326 In
702 1266 813 1334 Diosc,
852 1287 926 1347 pag.
970 1280 1030 1345 271
1073 1265 1155 1343 haec
1193 1266 1344 1347 legimus:

166 1358 383 1456 „Kparerlar
412 1360 448 1430 de*
481 1366 619 1455 ἱστορεῖ
647 1361 725 1455 περὶ
760 1354 871 1431 αὐτοῦ
904 1353 997 1431 οὕτω
1030 1357 1103 1431 πόα
1132 1373 1206 1453 (scil,
1239 1356 1344 1460 Σιόν)

166 1465 394 1564 θαμνοειδής,
423 1461 524 1558 ὀλίγα
553 1463 664 1560 φύλλα
692 1468 828 1558 ἔχουσα,
856 1477 1041 1564 περιφερῆ,
1069 1468 1212 1558 μείζονα
1244 1463 1343 1565 ἡδυό-

166 1603 270 1668 σμου,
292 1576 443 1666 μέλανα,
470 1570 615 1670 λιπαρά,
634 1571 895 1670 παρεγγύζοντα
916 1570 1064 1667 εὐζώμῳ.
1111 1587 1146 1649 In
1181 1589 1257 1658 Plin,
1290 1589 1344 1653 lib.

166 1713 206 1759 22
232 1698 251 1779 S
276 1709 313 1777 75
341 1694 423 1758 haec
446 1694 607 1776 leguntur:
644 1693 819 1758 «Cratevas
842 1699 972 1758 tertium
1000 1716 1132 1777 quoque
1157 1717 1257 1777 genus
1280 1705 1343 1759 tra·

164 1807 244 1869 didit
276 1802 473 1885 longioribus
497 1803 579 1865 soliis
612 1813 645 1866 et
668 1802 903 1880 hirsutioribus,
937 1804 1040 1866 odore
1064 1806 1222 1885 cupressi,
1257 1817 1347 1876 nasci

163 1913 224 1976 sub
247 1911 378 1990 hedera,
402 1912 543 1973 maxime
559 1912 715 1992 prodesse
734 1911 958 1992 opisthotonis,
983 1912 1255 1975 contractionibus
1270 1933 1340 1974 ner-

164 2041 278 2084 vorum
301 2019 402 2082 tribus
426 2017 530 2081 obolis
553 2020 584 2080 in
607 2021 782 2081 sextarium
806 2040 943 2100 aquae.»
992 2019 1098 2082 Etiam
1125 2020 1267 2082 Galenus
1292 2020 1343 2081 De

163 2129 297 2190 antidot.
328 2143 339 2188 1
367 2149 399 2208 p.
426 2142 443 2207 7
469 2128 560 2202 dicit,
593 2128 823 2207 descriptiones
854 2127 1036 2208 plantarum
1064 2130 1095 2189 in
1120 2126 1260 2191 Crateva
1284 2127 1342 2189 ob·

162 2237 229 2298 vias
253 2237 320 2297 sine
344 2243 478 2316 aspectu
502 2233 643 2315 intellegi
667 2254 731 2295 non
754 2254 860 2315 posse.
897 2234 950 2296 Ex
966 2233 1044 2296 locis
1061 2236 1175 2298 adlatis
1204 2245 1342 2317 apparet

164 2342 337 2405 Cratevam
369 2341 495 2423 plantas
527 2343 624 2403 etiam
655 2361 803 2403 sermone
834 2343 1009 2404 tradidisse.
1056 2340 1144 2424 Quid
1178 2345 1272 2425 igitur
1300 2344 1341 2405 de

162 2450 236 2513 loco
260 2449 402 2512 Pliniano
427 2449 490 2529 (25.
518 2448 552 2533 8)
577 2450 783 2511 statuendum
807 2453 875 2511 est?
922 2447 1030 2530 Quem
1054 2451 1080 2510 si
1103 2449 1229 2530 legeris,
1254 2450 1341 2514 haud

162 2578 261 2639 neges
296 2556 384 2618 illum
419 2558 527 2619 dicere
563 2577 582 2618 a
614 2554 753 2619 Crateva
789 2555 915 2636 plantas
947 2577 1012 2619 non
1047 2577 1116 2618 esse
1153 2558 1340 2639 descriptas.

162 2665 248 2727 Nam
272 2684 315 2726 ex
339 2684 388 2741 e0‚
413 2665 502 2745 quod
526 2665 604 2726 dicit
636 2683 755 2743 «quare
784 2665 883 2726 ceteri
906 2683 1054 2726 sermone
1079 2684 1133 2726 eas
1156 2667 1338 2735 tradidere»

162 2774 313 2853 sequitur,
337 2774 368 2833 in
386 2769 544 2834 Cratevae
568 2769 650 2833 libro
668 2771 721 2833 vel
736 2770 823 2833 libris
839 2773 1070 2853 descriptiones
1086 2771 1232 2835 defuisse.
1268 2773 1341 2855 lpse

161 2890 268 2942 autem
293 2888 325 2941 et
348 2880 572 2956 DioscorideS‚
597 2877 658 2940 hac
682 2881 713 2940 in
736 2900 770 2941 re
795 2877 882 2942 haud
906 2881 1105 2960 spernendus
1128 2890 1259 2959 auctor,
1284 2885 1339 2946 de-

159 2990 366 3069 scriptionem
397 3007 440 3049 ex
473 2985 611 3050 Crateva
642 2987 768 3056 adtulit,
816 2986 903 3068 Quid
936 2989 978 3050 de
1012 2987 1076 3050 fide
1099 2987 1241 3052 Pliniana
1272 2993 1339 3052 exi·

160 3097 346 3159 stimemus?
381 3095 436 3158 An
460 3116 479 3158 a
498 3093 637 3158 Crateva
660 3095 767 3176 plures
790 3094 888 3158 libros
912 3097 1050 3176 scriptos
1074 3117 1144 3159 esse
1167 3104 1339 3179 putamus?

160 3205 208 3268 At
242 3225 347 3286 neque
377 3204 494 3266 Plinius
525 3224 631 3285 neque
662 3205 868 3266 Dioscorides
900 3205 1039 3285 plurium
1070 3204 1224 3268 librorum
1257 3207 1338 3270 illius

160 3314 355 3375 mentionem
379 3313 462 3390 iacit,
486 3314 546 3375 etsi
570 3312 646 3374 nihil
670 3321 793 3374 certum
817 3313 934 3390 dicunt,
960 3334 1026 3394 quo
1051 3334 1090 3376 ea
1114 3317 1223 3396 opinio
1247 3337 1337 3397 pror-

159 3441 212 3484 sus
235 3421 397 3491 refutetur.
432 3421 554 3498 Restat,
581 3430 616 3483 ut
639 3422 846 3502 suspicemur,
871 3420 1004 3483 Plinium
1028 3441 1075 3499 ea,
1099 3443 1183 3503 quae
1201 3424 1242 3486 de
1261 3423 1337 3487 Cra·

160 3537 236 3592 teva
263 3529 339 3592 dicit
363 3538 395 3591 et
420 3549 567 3610 eaquae
592 3531 782 3611 exscriptis
806 3531 873 3591 eius
896 3531 1076 3610 excerpsit,
1110 3551 1174 3592 non
1198 3551 1241 3594 ex
1264 3534 1335 3613 ipso

160 3645 293 3700 auctore
316 3638 375 3699 sed
399 3657 442 3698 ex
466 3636 600 3699 aliorum
624 3637 720 3714 libris,
744 3638 798 3718 qui
821 3635 909 3699 illum
933 3639 1036 3698 secuti
1061 3647 1159 3717 erant,
1182 3638 1336 3705 hausisse.

160 3744 258 3827 Quod
269 3766 288 3808 a
301 3745 491 3807 Dioscoride
503 3746 677 3826 imaginum
690 3746 848 3825 pictarum
860 3747 980 3807 mentio
994 3765 1058 3806 non
1071 3745 1155 3807 sacta
1169 3756 1224 3824 est,
1235 3749 1335 3828 opini-

160 3873 256 3916 onem
271 3852 404 3934 Meyeri,
429 3854 483 3932 qui
507 3873 571 3914 non
595 3873 706 3915 omnes
730 3852 827 3915 libros
843 3852 1033 3934 imaginibus
1051 3853 1223 3916 illustratos
1241 3855 1335 3917 fuisse

158 3970 261 4042 putat,
285 3960 400 4042 probe,
424 3961 515 4041 quod
538 3962 623 4023 idem
648 3962 678 4021 in
695 3959 816 4042 Apulei
840 3958 989 4022 herbario
1014 3960 1132 4022 factum
1154 3981 1221 4023 esse
1239 3983 1336 4043 supra

159 4069 302 4132 vidimus
316 4067 384 4130 Iam
393 4070 565 4149 quaeritur,
574 4077 680 4130 utrum
686 4067 844 4149 Apuleius
855 4065 1027 4129 Cratevam
1035 4075 1163 4130 secutus
1173 4072 1212 4132 sit
1221 4090 1332 4139 necne,

158 4174 271 4257 Atque
295 4175 356 4239 hac
373 4178 404 4238 in
420 4197 454 4239 re
474 4176 544 4256 loci,
568 4176 683 4258 quibus
700 4177 741 4238 de
759 4175 898 4239 Crateva
914 4177 1028 4258 agitur,
1052 4178 1238 4258 inspiciendi
1250 4187 1332 4240 sunt.

1209 4281 1228 4335 8
