3000 4604
606 145 731 276 *u

125 388 238 458 barum
262 390 383 471 desint,
414 410 596 474 synonyma
620 401 727 457 autem
753 401 786 456 et
810 393 939 456 nomina
962 387 1109 483 praefixa
1132 387 1301 458 subditicio

124 484 194 581 sint,
219 510 327 579 restat,
351 509 387 563 ut
409 499 593 563 herbarium
620 500 741 582 Apulei
764 502 868 583 primo
893 521 1048 583 generum
1080 523 1099 565 a
1122 503 1221 566 Plinio
1246 503 1303 574 lc.

120 616 452 693 commemoratorum
475 608 703 678 adscribamus,
740 607 864 690 Quodsi
888 609 919 670 in
943 610 1055 672 codice
1072 609 1107 671 M
1129 609 1302 674 herbarum

124 719 247 800 effigies
270 737 334 779 non
361 717 467 797 pictae
490 724 572 793 sunt,
597 715 743 779 librarius
767 715 956 779 difficultate
980 718 1134 799 pingendi
1157 717 1225 780 illas
1248 720 1303 782 ad-

128 829 206 890 dere
242 823 422 908 prohibitus
445 833 501 887 est.
547 825 745 887 Posteriores
769 825 923 906 imagines
946 844 1097 888 sermone
1119 827 1306 890 indicandas

132 953 202 997 esse
226 941 386 1014 putarunt.
422 931 483 994 Rei
506 930 675 995 herbariae
699 940 808 995 autem
830 934 990 995 studiosus
1015 932 1137 1014 aliquiS,
1161 936 1216 1014 qui
1240 955 1306 997 ma-

131 1044 178 1123 gis
200 1060 291 1102 suam
314 1039 512 1121 disciplinam
537 1060 635 1121 quam
660 1041 738 1121 quid
762 1048 875 1103 auctor
894 1040 992 1102 libelli
1016 1040 1175 1118 voluisset,
1199 1062 1306 1123 respe-

130 1150 192 1226 xit,
225 1167 407 1229 synonyma
437 1148 572 1212 addidit.
619 1147 692 1209 Illas
724 1147 847 1229 effigies
871 1157 979 1210 autem
1003 1148 1033 1209 in
1058 1149 1171 1211 codice
1195 1147 1306 1212 arche-

130 1263 211 1337 typo
243 1257 345 1336 pictas
376 1254 487 1332 luisse,
520 1263 610 1318 certo
642 1264 833 1337 argumento
858 1255 965 1337 colligi
989 1265 1107 1336 potest.
1154 1256 1306 1338 inspicias

129 1362 224 1425 velim
256 1371 427 1443 utramque
459 1361 599 1444 effigiem
630 1361 756 1432 herbae,
783 1365 901 1445 griadis
926 1363 966 1443 (in
991 1384 1062 1444 cap,
1088 1366 1146 1446 Li)
1171 1385 1306 1446 quarum

129 1469 263 1534 alteram
280 1490 324 1532 ex
341 1471 454 1533 codice
470 1470 508 1547 L,
532 1469 665 1533 alteram
683 1491 726 1533 ex
742 1472 855 1533 codice
869 1469 895 1532 C
911 1479 946 1532 ut
963 1473 1063 1552 potui,
1088 1473 1118 1533 in
1134 1471 1202 1534 fine
1213 1471 1306 1535 huius

129 1578 228 1641 libelli
246 1578 436 1659 transcripsi.
462 1576 536 1659 Qua
549 1580 579 1640 iu
596 1598 630 1641 re
643 1580 821 1641 notandum
836 1588 892 1655 est,
909 1578 1050 1659 effigiem
1065 1580 1184 1641 codicis
1198 1580 1227 1642 L
1242 1601 1306 1642 non

129 1688 304 1768 pristinam,
320 1687 378 1749 sed
401 1685 462 1747 alia
478 1706 574 1748 manu
592 1695 780 1748 renovatam
796 1705 873 1764 esse,
896 1695 931 1748 ut
947 1685 1050 1767 figura
1066 1687 1185 1749 codicis
1201 1685 1306 1750 Cma·

129 1796 177 1876 gis
191 1803 323 1857 naturae
341 1795 476 1857 accedat
493 1815 589 1874 quam
606 1796 714 1875 imago
731 1781 850 1856 codicis
861 1794 899 1856 L.
935 1793 1016 1856 Cum
1034 1803 1142 1856 autem
1158 1793 1306 1857 codexC

130 1903 173 1966 ob
197 1903 229 1964 id
253 1903 372 1983 ipsum,
397 1902 486 1982 quod
510 1901 677 1964 meliorem
701 1901 842 1982 effigiem
866 1901 1003 1982 praebet
1027 1920 1124 1981 quam
1148 1904 1305 1986 vetustior

130 2012 238 2073 codex
260 2010 306 2086 L,
334 2029 398 2071 non
421 2029 465 2072 ex
489 2010 602 2071 codice
628 2009 657 2071 L
681 2008 818 2071 describi
841 2011 992 2091 potuerit,
1016 2008 1087 2071 luce
1111 2008 1225 2070 clarius
1248 2018 1306 2086 est,

129 2128 301 2199 utrumque
325 2118 471 2196 codicem
496 2136 540 2178 ex
563 2116 652 2179 fonte
676 2108 826 2178 haustum
850 2137 930 2194 esse,
962 2119 993 2178 in
1017 2138 1082 2197 quo
1106 2116 1159 2179 illa
1183 2115 1306 2197 effigies

129 2228 217 2308 picta
248 2233 325 2287 erat.
371 2222 484 2304 Atque
520 2223 603 2286 hanc
637 2227 828 2286 sententiam
858 2223 980 2306 probes
1011 2232 1159 2305 spectata
1190 2223 1305 2305 effigie,

130 2353 229 2415 quam
252 2334 293 2395 ad
317 2340 415 2413 caput
439 2335 554 2400 XXVI
580 2331 687 2395 adfixi.
734 2331 895 2394 Invenitur
922 2334 1005 2394 enim
1030 2334 1060 2393 in
1084 2333 1197 2394 codice
1220 2331 1249 2393 L
1273 2339 1306 2393 et

130 2439 156 2504 C
180 2440 284 2522 figura
308 2440 469 2521 serpentis
493 2441 621 2502 nomine
649 2439 782 2521 «Lysis»
808 2440 998 2522 subscripto,
