3000 4604
646 145 857 262 Aa„-

166 382 198 443 In
216 381 335 442 codicis
352 378 394 440 M·
405 379 563 459 capitibus
579 381 733 454 LXXVI,
749 379 940 456 LXXVIII,
956 379 1115 455 LXXIX,
1127 379 1340 447 LXXXVIII

163 508 345 570 synonyma
368 508 432 548 non
456 486 616 567 leguntur.=
650 486 685 548 In
710 506 781 566 cap.
805 489 930 556 XCVII
953 506 993 547 ne
1018 485 1094 548 illud
1118 487 1250 566 quidem
1276 487 1354 547 «in-¹
1434 496 1437 501 ⁴

164 598 239 678 cipit
263 615 381 657 nornen
405 593 526 656 herbae
549 594 654 675 pulei»
690 596 843 675 scriptum
867 603 932 671 est,
961 595 1019 656 sed
1043 593 1161 675 legitur
1186 595 1339 662 «CCVIII

164 712 261 784 caput
285 723 324 766 ne
348 703 390 765 ab
415 711 504 765 aestu
526 702 763 766 concalescat.»
813 701 934 764 Contra
958 703 1072 764 mirum
1096 710 1161 778 est,
1197 702 1286 781 quod
1310 703 1340 763 in

163 813 269 891 capite
305 813 428 879 CXXV
464 812 579 873 eadem
614 809 737 873 herbae
772 811 945 890 descriptio
982 811 1156 880 invenitur.
1192 829 1276 889 quae
1309 809 1340 870 in

164 920 305 982 editione
338 918 470 1000 vulgata
505 918 642 999 legitur,
678 919 753 981 Hoc
789 926 877 980 certe
910 925 1047 998 apparet
1077 918 1108 978 in
1140 917 1253 978 codice
1284 915 1339 993 M,

163 1047 344 1107 synonyma
367 1027 485 1107 scripta
509 1048 574 1089 non
590 1026 692 1090 fuisse.
728 1026 836 1089 Etiam
860 1018 1062 1107 synonyma,
1076 1044 1160 1106 quae
1179 1026 1209 1085 ln
1226 1025 1339 1086 codice

165 1135 203 1203 L,
228 1142 364 1212 exstant,
389 1155 408 1196 a
432 1137 610 1215 posteri0re
643 1135 875 1215 interpolatore
908 1135 1035 1197 adiecta
1067 1153 1136 1195 esse
1163 1153 1207 1194 ex
1230 1152 1270 1194 eo
1294 1133 1339 1193 in·

164 1241 335 1324 tellegitur,
359 1244 449 1323 quod
483 1263 526 1304 ex
559 1244 628 1324 ipso
660 1263 809 1304 sermone
835 1241 961 1305 Graeco
986 1242 1177 1322 transcripta
1199 1249 1280 1317 sunt,
1304 1248 1340 1302 ut

162 1369 259 1429 supra
294 1326 608 1419 demonstravimuss
640 1349 674 1413 Si
709 1351 829 1431 prImus
864 1359 978 1412 auctor
1012 1348 1109 1413 libelli
1137 1347 1219 1410 haec
1241 1367 1338 1429 syno-

83 1491 87 1499 ·
162 1477 260 1537 nyma
284 1458 470 1535 addidisset,
494 1467 582 1521 certe
607 1479 738 1521 munere
762 1479 819 1521 suo
845 1457 958 1520 melius
983 1458 1109 1520 iunctus
1133 1463 1228 1519 esset.
1261 1453 1338 1517 Sca·

161 1573 230 1626 tent
253 1567 337 1627 enirn
361 1566 529 1636 erroribus,
577 1565 732 1644 Accedit,
768 1568 859 1648 quod
883 1566 997 1644 multa,
1031 1585 1114 1647 quae
1140 1566 1337 1645 insynony-

162 1673 220 1733 mis
243 1671 401 1754 leguntur,
433 1673 508 1735 mihi
532 1676 664 1755 quidem
688 1675 862 1751 adlectiVa,
893 1695 957 1736 non
981 1675 1110 1736 nomina
1134 1693 1204 1735 esse
1228 1672 1338 1734 viden·

161 1789 221 1844 tur.
268 1779 369 1843 Velut
392 1801 463 1862 cap,
488 1785 549 1852 IX.
575 1783 656 1844 inter
679 1780 800 1844 herbae
831 1781 987 1851 batrachii
1011 1800 1195 1862 synonyma
1218 1780 1336 1841 Inveni-

160 1897 213 1950 tur
238 1887 402 1951 «staltice»
429 1897 462 1951 et
489 1891 679 1967 «caustice»
712 1910 796 1971 quae
820 1910 918 1952 voces
943 1891 1010 1951 sine
1036 1889 1134 1955 dubio
1158 1890 1242 1951 vires
1266 1887 1337 1950 her·

161 1994 239 2072 bae,
262 2017 326 2057 non
349 1999 478 2060 nomIna
513 1997 702 2078 sIgnificant.
749 1997 912 2079 Exempla
941 1999 1097 2060 eiusmodi
1121 1997 1222 2059 multa
1245 1978 1337 2059 nobis

161 2114 342 2167 occurrunt.
389 2103 456 2168 Sed
488 2126 553 2167 non
584 2107 683 2167 modo
716 2105 767 2167 illa
791 2127 982 2186 synonyma,
1006 2106 1064 2168 sed
1088 2107 1185 2167 etiam
1208 2106 1338 2167 nomIna

160 2212 291 2293 singulis
315 2214 472 2294 capitibus
496 2213 642 2294 praefixa
666 2214 708 2274 ab
732 2214 963 2294 interpolatore
999 2215 1125 2275 adiecta
1149 2233 1220 2275 esse
1244 2222 1335 2295 put0.

160 2320 206 2381 In‘
220 2321 368 2382 omnibus
393 2323 524 2402 quidem
548 2321 713 2383 codicibus
737 2321 895 2403 leguntur,
920 2323 978 2384 sed
1002 2323 1089 2384 varia
1113 2323 1237 2385 ratione
1261 2323 1336 2383 scri-

161 2429 289 2498 buntur,
335 2427 482 2509 Scriptor
506 2431 626 2491 codicIs
649 2429 684 2490 M
708 2431 752 2491 ita
775 2430 915 2492 scribere
938 2430 1033 2492 solet:
1061 2431 1195 2511 «Incipit
1218 2450 1336 2491 nomen
1363 2469 1366 2471 >

160 2535 281 2598 herbae
305 2537 344 2600 N.
367 2537 430 2599 N.»
479 2537 513 2598 In
548 2537 713 2598 codicibus
746 2538 775 2598 L
808 2547 840 2598 et
864 2538 895 2599 V
928 2539 1169 2619 praescribitur:
1207 2537 1337 2600 «Herba

159 2646 198 2708 N.
223 2645 284 2708 N.»
333 2644 368 2706 In
392 2645 467 2713 cod,
494 2642 520 2706 C
543 2644 705 2707 scribitur:
734 2645 881 2707 «Nomen
905 2644 1026 2707 herbae
1050 2647 1091 2708 N.
1117 2647 1178 2708 N.»
1224 2645 1259 2706 In
1283 2666 1336 2707 co·

166 2755 237 2816 dice
260 2753 295 2814 M
320 2772 469 2813 numeros
493 2773 625 2834 quoque
649 2752 745 2814 alium
777 2734 923 2815 ordinent
949 2755 1041 2834 sequi
1065 2774 1163 2834 supra
1187 2755 1337 2823 diximus,

160 2861 275 2922 Nonne
299 2861 356 2922 tibi
380 2861 494 2922 mirum
518 2861 660 2937 videtur,
693 2863 782 2941 quod
807 2862 937 2923 codices
971 2862 1001 2922 in
1025 2860 1087 2922 hac
1110 2869 1177 2923 tam
1200 2860 1336 2942 simplici

159 2990 193 3030 re
217 2991 280 3031 non
305 2971 386 3030 inter
416 2988 451 3029 se
485 2971 698 3032 conveniunt?
744 2968 884 3031 Accedit
913 2969 1017 3046 aliud,
1049 2990 1105 3031 cur
1130 2968 1182 3031 illa
1206 2971 1336 3031 nomina

159 3075 305 3157 praefixa
328 3076 457 3139 subdita
481 3096 550 3139 esse
575 3079 754 3147 existimen,
802 3077 869 3139 Iam
893 3077 982 3158 legas
1006 3077 1112 3146 velim,
1156 3077 1191 3139 In
1216 3079 1336 3140 codicis

159 3184 197 3254 L.
224 3183 301 3267 Cap.
326 3188 369 3253 II.
395 3184 546 3266 legimus:
578 3186 708 3248 «Herba
725 3193 951 3263 Arnoglossa
970 3188 1012 3248 ad
1036 3187 1149 3266 capitis
1174 3185 1334 3254 dolorem,

159 3290 292 3354 herbae
315 3299 536 3370 plantaginis
568 3302 629 3356 etc.
665 3295 710 3355 sic
745 3296 775 3355 in
808 3294 937 3376 reliquis
969 3296 1126 3358 remediis.
1176 3293 1255 3375 Cap.
1281 3295 1334 3361 III

159 3400 270 3462 Herba
305 3404 633 3478 «pentaphyllon»,
666 3402 696 3462 in
735 3402 866 3484 singulis
905 3404 1053 3466 remediis
1089 3406 1291 3480 «quinques
1315 3435 1334 3453 -

161 3514 284 3576 lium.»
335 3506 454 3570 Contra
476 3507 592 3571 Codex
615 3509 650 3570 M
674 3510 824 3590 praebet:
852 3510 984 3592 «Incipit
1008 3509 1110 3573 herba
1137 3516 1335 3588 «quinque-

159 3621 308 3679 folium»
336 3615 416 3697 Cap.
441 3620 497 3685 IV.
526 3623 827 3695 «Hierabotane»‚
851 3619 881 3679 in
899 3620 1046 3680 remediis
1073 3624 1334 3683 «verbenaca».

159 3722 238 3805 Cap.
265 3726 304 3791 V.
332 3730 638 3802 «Hyoscyamos»
663 3727 693 3786 in
718 3727 866 3787 remediis
892 3731 1212 3803 «symphoniaca».
1256 3724 1334 3807 Cap.

159 3835 223 3900 VII
251 3832 469 3909 «Aconum»,
491 3833 521 3892 in
552 3834 701 3895 remediis
735 3838 871 3896 «herba
894 3850 1086 3901 venerea».
1135 3831 1215 3914 Cap.
1240 3836 1333 3901 VIII.

161 3945 516 4018 «Leontopodium»,
553 3942 583 4002 in
619 3942 767 4003 remediis
806 3947 931 4019 «pedis
967 3948 1121 4005 leonis».
1170 3940 1247 4023 Cap.
1272 3944 1333 4010 IX.

162 4052 434 4125 «Batrachion»‚
466 4049 496 4108 in
530 4050 677 4110 remediiS
710 4053 846 4113 «herba
877 4054 1087 4117 scelerata».
1135 4047 1216 4129 Cap.
1242 4051 1332 4118 XVI.

162 4161 384 4236 «Satyrion».
409 4157 439 4220 in
463 4159 612 4219 remediis
638 4163 894 4234 «priapiscus».
941 4155 1021 4217 Item
1045 4157 1075 4217 in
1112 4176 1182 4239 cap.
1210 4159 1334 4236 XVIII,
