3000 4604
751 149 779 223 3

661 258 873 266 ,aas-mu.-

287 405 316 483 5)
342 384 479 457 Codex
507 385 785 477 Luqdunensis
815 386 920 456 alter
942 401 1059 463 saeculi
1080 401 1157 477 xv,
1174 400 1280 483 Quem
1297 405 1353 464 mi-

176 534 254 575 nore
294 518 387 593 parte
419 511 564 591 inspecta
596 510 637 597 ad
670 509 771 571 verba
803 510 997 571 restituenda
1029 509 1144 570 nullius
1180 529 1250 571 esse
1286 530 1353 572 mo·

177 621 276 683 menti
300 616 452 695 intellexi,
476 637 549 679 cum
573 617 672 678 multa
695 626 819 678 temere
851 626 905 678 aut
937 625 1135 679 commutata
1160 626 1215 678 aut
1239 619 1353 680 omissa

179 736 233 789 aut
257 728 385 789 adiecta
408 727 479 791 sint.

338 887 564 981 Descriptio
594 887 786 959 codicum
815 905 870 985 (ex
894 904 1049 986 catalog),

290 1014 317 1094 r)
343 1017 470 1075 Codex
492 1017 762 1090 Lugdunensis,
799 1013 875 1074 olim
906 1013 969 1077 No.
1003 1028 1075 1094 209,
1109 1013 1166 1075 suit
1197 1022 1292 1075 antea
1323 1014 1354 1075 in

180 1119 376 1182 bibliotheca
409 1118 566 1196 Goldasti‚
598 1119 653 1180 ubi
684 1119 748 1182 No,
784 1136 867 1200 1149
898 1120 950 1181 vel
987 1123 1085 1200 123l9
1115 1130 1184 1182 erat
1216 1121 1353 1198 notatus,

177 1248 250 1290 nam
274 1236 410 1308 uterque
434 1247 583 1288 numerus
607 1226 724 1307 legitur
749 1229 778 1287 in
802 1229 907 1308 primo
933 1228 1009 1290 solio
1033 1228 1201 1290 voluminis
1224 1229 1248 1291 Ι.

284 1334 338 1398 sol.
363 1335 376 1396 Ι
400 1335 513 1415 Incipit
538 1332 708 1397 Confectio
732 1335 814 1396 salis.
846 1378 849 1381 ι

282 1441 335 1510 sol.
362 1459 392 1513 2,
416 1444 502 1511 med,
523 1443 596 1524 Jera
620 1441 910 1524 diacoloquintidas
934 1442 1125 1524 appellatur.

283 1550 336 1615 sol.
363 1567 380 1630 3
405 1571 486 1620 vers,
511 1553 596 1621 med.
622 1552 824 1634 Oxiporium.

283 1658 338 1729 sol,
362 1676 384 1735 4
407 1658 590 1722 Herbarum
640 1660 814 1723 salubrium
861 1661 1070 1742 legendarum
1106 1661 1352 1734 ¹medicinalium

173 1768 338 1847 praecatio
362 1775 477 1837 terrae.
932 1849 935 1854 Ι
1100 1757 1102 1760 ’

281 1873 433 1956 Explicit,
480 1875 594 1957 Incipit
626 1877 816 1945 antidotum,
863 1877 976 1958 Incipit
1007 1877 1197 1941 antidotum.
1236 1874 1351 1955 Incipit

174 1983 341 2063 praecatio
365 1984 507 2044 omnium
531 1982 717 2052 herbarum.
746 1984 899 2066 Explicit.

281 2089 334 2156 fol,
359 2089 381 2150 6
404 2110 486 2155 vers.
533 2088 610 2154 Sine
633 2092 726 2154 titulo
751 2093 859 2173 incipit
892 2091 1012 2168 tabula,
1045 2111 1143 2171 quam
1165 2092 1348 2171 systemati·

175 2217 246 2259 cam
269 2199 369 2275 dicas,
393 2197 541 2260 dolorum
565 2206 598 2260 et
623 2199 788 2276 malorum,
813 2202 854 2262 ad
879 2220 963 2279 quae
988 2200 1129 2261 curanda
1159 2197 1279 2260 herbae
1304 2199 1348 2258 in·

174 2306 314 2368 serviunt
343 2305 385 2367 ab
408 2305 551 2386 Apuleio
583 2309 724 2389 descript
726 2327 773 2371 ae
818 2307 970 2454 Explicit
1017 2307 1131 2388 Incipit
1118 2305 1347 2368 tHerbarium

173 2411 333 2478 Felicitor

280 2520 333 2584 sol
362 2537 410 2584 12.
457 2522 572 2604 Incipit
604 2522 672 2586 Ant
659 2525 764 2586 tonius
801 2522 895 2586 Musa
926 2523 971 2592 Μ
1015 2521 1165 2604 Agrippe
1199 2521 1336 2583 salutm

172 2628 316 2710 Explicit
339 2630 485 2712 epistula

280 2756 334 2820 sol.
364 2773 412 2836 13
439 2755 541 2820 herba
564 2759 880 2839 vettonica'depicta
904 2767 961 2826 est,
987 2757 1057 2839 Jam
1080 2766 1257 2838 sequuntur
1280 2777 1346 2818 me·

172 2865 331 2928 dicamina
345 2863 467 2928 herbae
490 2867 673 2929 vettonicae
690 2875 723 2929 et
739 2867 919 2948 fragmenta
935 2865 1056 2947 Apulei
1072 2866 1182 2947 figuris
1197 2863 1347 2947 pulcher·¹

170 2972 256 3034 rimis
280 2982 448 3043 exornata,
492 2976 730 3037 DIscernendae
754 2982 826 3036 sunt
849 2984 914 3036 tres
939 2994 1060 3051 manus,
1084 2993 1219 3054 quarum
1243 2975 1345 3053 prima

92 3130 96 3136 .
169 3080 288 3142 saeculi
311 3080 367 3159 Vl,
389 3084 532 3145 secunda
555 3103 598 3144 ex
621 3084 738 3145 iudicio
763 3081 996 3145 bibliothecarii
1021 3083 1074 3144 Du
1098 3082 1179 3143 Rieu
1205 3079 1344 3142 Gothica

169 3187 268 3250 seculi
291 3188 352 3252 XII
376 3190 408 3272 (Β)
433 3190 485 3252 vel
512 3190 631 3268 XIIlt
618 3193 712 3253 tertia
735 3193 893 3253 recentior
917 3189 1049 3253 fortasse
1072 3189 1230 3258 Goldasti‚
1253 3189 1342 3250 Idem

169 3294 462 3360 bibliothecarius
455 3318 485 3358 m
509 3241 660 3379 catalogo
688 3301 855 3362 adnotavit
887 3301 1044 3361 rationem
1068 3299 1251 3361 habendam
1275 3316 1342 3359 esse

169 3406 298 3467 omnino
321 3407 481 3467 secundae
506 3427 617 3467 manus
662 3405 812 3469 Secunda
835 3415 1005 3488 corruptos
1025 3408 1189 3468 nominum
1212 3414 1245 3466 et
1267 3423 1342 3467 ver·

168 3510 284 3574 borum
309 3533 399 3575 casus
421 3534 519 3596 saepe
543 3516 574 3577 in
606 3517 765 3596 integrum
790 3517 942 3592 restituit,
973 3517 1031 3577 sed
1063 3534 1102 3576 ea
1134 3534 1183 3575 res
1215 3512 1342 3573 minoris

168 3621 368 3684 aestimanda
391 3629 448 3699 est,
472 3625 623 3702 quoniam
647 3625 707 3704 ipsi
724 3623 816 3686 sacile
836 3622 899 3684 hoc
915 3643 1045 3684 munere
1062 3622 1149 3703 iungi
1166 3639 1340 3702 possumus.

274 3728 388 3811 Itaque
412 3731 534 3811 primae
558 3752 669 3794 manus
693 3733 774 3793 ratio
798 3731 949 3794 habenda
972 3739 1028 3793 est.
1067 3729 1217 3791 Continet
1234 3728 1340 3789 codex

167 3837 198 3899 in
230 3838 360 3919 singulis
395 3839 552 3919 capitibus
586 3842 714 3902 nomina
749 3839 921 3902 herbarum
959 3839 1166 3919 praescriptis
1201 3836 1339 3897 numeris

168 3947 326 4028 capitum,
359 3947 475 4009 deinde
506 3967 701 4028 synonyma,
732 3956 801 4010 tum
825 3948 1008 4028 saepissime
1033 3946 1105 4008 loca
1128 3946 1338 4019 nominantur,

167 4053 221 4116 ubi
244 4052 366 4118 herbae
389 4064 569 4134 nascuntur,
594 4057 746 4120 rarissime
769 4058 885 4119 breves
902 4055 1074 4119 herbarum
1096 4053 1338 4133 descriptiones,

167 4161 306 4243 denique
329 4164 549 4227 medicamina.
597 4165 689 4228 Haec
721 4167 827 4228 omnia
859 4165 1054 4229 antecedunt
1076 4161 1248 4228 herbarum
1272 4159 1338 4224 elfi-
