3014 4620
826 131 874 222 lo

375 386 548 469 „genciana
570 381 749 447 semuncia“
775 409 810 429 =
833 380 1011 461 gentianae.

376 492 573 572 „aristolocie
607 491 700 554 uncia
712 491 725 569 l
757 519 793 540 =
825 486 1024 551 aristolociae
1060 485 1125 568 (Sic
1161 489 1260 553 etiam
1296 491 1329 555 in
1367 491 1454 562 Plin.

688 595 850 659 Medicina
873 596 923 658 ed.
947 593 990 663 V.
1014 594 1103 658 Rose
1125 598 1282 678 scriptum
1307 605 1384 684 est).

375 715 484 786 „rutae
507 707 642 788 agrestis
664 682 755 768 unc.“

375 834 489 893 „emce
512 833 600 876 seme
629 793 738 903 uncl‘f
758 841 793 860 =
816 830 931 874 erucae
954 830 1074 882 semen,

375 904 473 1000 „cane
496 921 602 984 radice
625 900 731 1001 uncll‘
754 949 789 969 =
813 939 934 981 cannae
957 919 1090 984 radices.

377 1029 604 1110 „agrimmonie
635 1029 728 1092 radix
757 1028 935 1090 semuncia“
958 1058 993 1078 =
1016 1029 1213 1109 agrimoniae
1245 1032 1452 1103 draconteae

695 1115 757 1197 unc
769 1136 811 1214 l.“

384 1243 502 1321 „mellis
532 1241 651 1321 Attici,
687 1253 842 1324 quantum
871 1243 994 1308 sufficit
1040 1245 1132 1308 Haec
1167 1248 1275 1311 omnia
1311 1262 1449 1317 contun-

271 1354 389 1416 duntur
419 1353 449 1413 in
483 1370 581 1412 unum
611 1361 644 1414 et
674 1351 705 1413 in
735 1351 901 1433 pulverem
932 1351 1151 1416 mollissimum
1189 1356 1275 1435 (cod.
1310 1359 1446 1439 pulvere

270 1460 465 1541 mollissImo)
490 1459 656 1522 redactum
680 1461 844 1541 reponitur
867 1461 896 1521 in
920 1460 1075 1523 buxidem
1097 1482 1241 1526 aeneam.
1274 1465 1447 1548 Accipitur

270 1576 378 1631 autem
412 1567 442 1628 in
475 1568 693 1648 magnitudine
718 1566 893 1637 abellanae.
941 1567 1014 1630 Hoc
1038 1571 1103 1649 qui·
1116 1590 1192 1632 usus
1216 1570 1327 1651 luerit,
1360 1575 1449 1638 inco·

269 1676 362 1739 lumis
386 1683 572 1757 perseverat
594 1695 696 1756 usque
721 1675 762 1737 ad
786 1673 994 1761 difinitionem
1016 1681 1124 1739 suam“
1153 1677 1236 1758 (cod.
1263 1679 1449 1745 difinitionis

268 1785 368 1866 suae),
408 1782 483 1865 Ipsa
506 1803 574 1844 vox
598 1782 767 1860 „difinitio“
791 1783 1055 1864 interpolatorem
1079 1787 1292 1867 posteriorem
1316 1788 1447 1852 indicat

379 1892 408 1973 5)
434 1895 524 1955 Cod.
558 1896 632 1954 Lat.
658 1896 762 1952 Voss.
796 1888 834 1954 E.
872 1906 924 1969 13,
959 1904 997 1970 53
1031 1891 1187 1956 loliomm.
1234 1893 1296 1957 Hic
1326 1898 1448 1978 codex,

269 2001 324 2083 qui
361 2008 394 2063 et
429 2000 497 2082 ipse
532 2000 562 2061 in
597 1996 793 2061 bibliotheca
825 1998 931 2080 Lugd.
962 2008 1122 2077 servatur,
1158 2010 1288 2083 praeter
1319 2004 1383 2068 alia
1416 2008 1446 2069 in

272 2110 355 2173 soliis
377 2125 407 2186 4,
433 2123 450 2170 2
478 2147 518 2157 -
543 2107 596 2170 fol.
626 2123 665 2184 14
694 2106 836 2169 libellum
868 2108 909 2170 de
934 2106 1034 2170 herba
1058 2111 1220 2172 vettonica
1244 2119 1277 2172 et
1300 2111 1447 2176 Pseudo·

268 2218 389 2301 Apulei
420 2215 603 2279 herbarium
633 2235 735 2296 usque
768 2216 809 2278 ad
842 2225 939 2296 caput
970 2215 1077 2278 XXIII
1112 2217 1260 2279 editionis
1291 2218 1446 2300 vulgatae

269 2328 422 2391 continet.
469 2323 591 2388 Ultima
621 2324 722 2386 verba
754 2332 827 2385 sunt
859 2325 995 2402 „ciatum
1019 2344 1116 2386 unum
1140 2327 1281 2406 axungia
1304 2333 1446 2394 vetere.“

375 2434 514 2515 Figurae
537 2430 718 2514 plantarum
742 2439 815 2493 ante
832 2431 993 2494 coloribus
1009 2432 1221 2496 adumbratae
1238 2445 1447 2515 evanuerunt,

270 2551 390 2607 restant
424 2541 547 2624 esfigIes
574 2560 681 2623 penna
704 2559 886 2620 expressae.
932 2540 986 2602 Ex
1009 2541 1055 2602 eis
1079 2539 1222 2622 poligoni
1246 2551 1279 2605 et
1302 2543 1446 2622 pentafili

268 2652 413 2733 imaginis
444 2650 534 2713 solae
565 2649 755 2731 imaginibus
786 2649 906 2711 codicis
937 2649 1120 2712 vetustioris
1152 2649 1190 2713 L.
1222 2649 1338 2712 similes
1361 2659 1446 2722 sunt,

268 2760 358 2823 Ante
390 2760 529 2822 dlximus
559 2758 716 2821 lectiones
743 2755 835 2819 huius
859 2758 979 2820 codicis
1002 2759 1045 2821 ad
1068 2758 1242 2821 editionem
1266 2760 1444 2839 parandam

268 2867 384 2930 nullius
415 2887 484 2929 esse
514 2867 676 2929 momenti.
724 2862 858 2942 Confer,
881 2866 993 2943 sodes,
1022 2866 1135 2947 capitis
1158 2865 1173 2927 I
1195 2864 1322 2927 titulum
1346 2881 1368 2942 4
1390 2884 1443 2927 co·

271 2976 350 3039 dicis
374 2975 413 3045 L.
437 2975 618 3038 vetustioris
642 2983 675 3037 et
698 2973 819 3037 codicis
842 2973 881 3043 L.
906 2974 1109 3043 recentiores.

511 3082 553 3145 Li
848 3078 852 3165 ι
986 3136 989 3143 ,
1154 3081 1197 3143 La

335 3192 378 3254 ad
401 3189 586 3254 lacrimosos
610 3189 731 3259 oculos
977 3189 1019 3251 ad
1042 3187 1226 3251 lacrimosos
1249 3186 1371 3256 oculos.

266 3299 402 3362 herbam
425 3299 620 3361 vettonicam
646 3302 800 3361 mandu·
908 3296 1043 3359 herbam
1058 3298 1255 3360 vettonicam
1272 3303 1444 3362 comedat

268 3416 326 3470 cet
349 3415 382 3470 et
405 3407 508 3468 aciem
536 3405 703 3469 oculorum
726 3421 800 3466 me·
909 3413 942 3466 et
966 3405 1068 3466 aciem
1088 3410 1284 3468 clariorem
1308 3404 1384 3467 lacit
1408 3414 1445 3468 et

414 3520 547 3577 liorem
571 3514 655 3584 iacit.
1017 3517 1189 3576 lacrimas
1213 3518 1328 3590 polilt.

371 3622 442 3704 Jam
465 3622 589 3685 videbis
613 3621 714 3684 verba
737 3628 859 3683 temere
884 3628 1007 3682 mutata
1030 3639 1109 3684 esse.
