3000 4604
725 208 789 284 IV.

167 458 248 500 ones
271 440 358 519 typis
381 459 554 519 expressae
579 448 706 501 exstant
745 418 988 518 vetustissimae,
1020 450 1164 522 apparet,
1196 444 1228 504 id
1255 444 1346 522 quod

168 547 226 608 nisi
260 567 333 608 usus
370 546 439 609 libri
474 546 623 627 vulgatus
660 547 788 624 luisset,
828 549 942 609 mirum
978 550 1150 617 videretur,
1197 549 1346 626 Accedit,

168 656 259 735 quod
293 653 491 731 herbarium,
528 656 569 716 de
604 675 669 735 quo
702 656 847 732 dicimus,
882 657 974 735 quasi
1008 655 1177 736 exemplar
1209 657 1346 719 herbarii

168 762 265 824 medii
297 763 368 823 aevi
400 771 432 824 et
464 764 657 825 recentiores
688 765 789 832 secuti
822 772 894 825 sunt
926 765 956 825 in
989 763 1075 825 libris
1101 767 1344 845 componendis,

168 866 286 931 Habeo
312 871 342 930 in
366 869 511 931 manibus
534 868 727 946 herbarium,
758 871 846 931 cuius
870 879 983 932 auctor
1006 872 1067 933 etsi
1091 873 1121 932 in
1146 872 1345 952 praefatione

166 974 260 1038 huius
284 978 328 1038 rei
356 978 551 1038 mentionem
574 997 639 1038 non
672 977 755 1055 secit,
787 987 895 1040 tamen
920 977 1001 1040 illius
1025 979 1095 1040 libri
1119 979 1255 1041 formam
1279 981 1347 1040 irni-

164 1092 252 1147 tatus
276 1093 336 1150 est.

276 1188 484 1274 llrtuterlrudr
521 1190 576 1262 bet
609 1190 849 1277 bodgelelnten
883 1193 944 1262 unb
979 1191 1232 1276 ueilbeniturtcu
1265 1191 1345 1274 nen

141 1300 209 1363 ·D.
236 1299 320 1362 Petri
344 1296 498 1361 Andreae
528 1298 676 1361 Mathioli
708 1299 756 1383 issl
786 1298 970 1370 lvleberumb
1003 1298 1060 1370 mil
1093 1299 1191 1370 bielen
1223 1298 1345 1382 ldtssntn

166 1417 270 1477 nemen
299 1404 437 1492 frigunt
471 1408 541 1479 nudi
584 1406 744 1492 uttlidnn
776 1408 955 1493 &cacumen
988 1409 1049 1479 unt
1085 1408 1218 1480 auteur
1252 1411 1346 1494 quien

166 1513 300 1585 &niden
324 1532 389 1598 rum
414 1513 618 1586 uierbtenurul
644 1515 705 1597 nul}
730 1514 986 1600 lnnten1r2⁰lleilr
1013 1515 1158 1601 aeneid,
1187 1516 1249 1586 unb
1274 1526 1340 1586 ner:

165 1621 291 1708 lerllssel
328 1622 416 1708 hurd)
448 1624 594 1706 Joachim
632 1622 849 1685 camerarium
888 1624 941 1693 ber·
977 1622 1123 1703 lbblichen
1159 1623 1344 1705 ffieidrssltult

164 1727 334 1816 llitrnluu
360 1730 448 1794 Med.
472 1731 569 1799 Doct.
597 1740 659 1801 etc.
708 1728 855 1802 (bebrurtt
886 1749 921 1816 au
950 1729 1124 1815 t'rruullurt
1155 1748 1206 1801 an
1231 1729 1343 1816 llum

163 1835 224 1908 uu
248 1835 353 1917 Soloi
379 1837 520 1921 gildus
545 1837 588 1909 ὃ.
616 1835 720 1909 brien
744 1836 964 1901 MDCXXVI.

277 1945 344 2007 Iam
367 1948 496 2026 accipe,
534 1947 702 2026 quomodo
733 1947 763 2006 in
796 1945 860 2007 hoc
891 1945 972 2007 libro
997 1947 1038 2008 de
1078 1945 1186 2008 herbis
1210 1955 1343 2026 agatur:

162 2051 340 2134 dierum.
376 2053 475 2124 llum
501 2054 562 2123 unb
587 2051 719 2133 (bellust.
757 2051 872 2124 otene.
905 2050 988 2136 geu.
1021 2051 1137 2134 ltutur,
1162 2051 1258 2134 Strati
1282 2054 1343 2122 nub

164 2161 318 2246 tuntum
344 2159 401 2246 [tm
425 2160 507 2257 uun
533 2159 671 2246 tlrrlreul.

274 2271 323 2347 lis,
359 2290 443 2351 quae
474 2272 561 2333 uncis
596 2271 714 2346 inclusi,
751 2271 898 2350 exceptis
939 2268 1080 2348 reliquae
1116 2277 1224 2350 partes
1249 2268 1344 2349 plane

161 2387 345 2460 congruunt
368 2398 442 2440 curn
475 2380 528 2456 eis,
565 2398 649 2459 quae
673 2380 703 2440 in
735 2377 884 2439 herbario
918 2377 1065 2456 antiquo,
1098 2377 1187 2456 quod
1211 2378 1342 2456 quidem

162 2489 237 2551 inde
261 2507 280 2548 a
304 2485 434 2547 saeculo
458 2495 553 2547 sexto
578 2485 630 2547 vel
658 2487 798 2566 septimo
823 2505 856 2565 p,
881 2481 957 2545 Chr.
982 2504 1013 2552 n.
1039 2492 1170 2545 auctum
1194 2483 1343 2544 tradeba-

159 2605 222 2671 tur,
248 2594 408 2674 leguntur.
456 2591 541 2674 Quin
575 2595 671 2655 etiam
704 2613 773 2673 cap.
797 2591 855 2655 IV.
879 2593 926 2653 tit.
954 2590 1008 2670 6*)
1049 2590 1169 2671 Apulei
1202 2599 1234 2651 et
1267 2589 1344 2652 lolio
1387 2613 1394 2625 ·

166 2703 228 2782 368
246 2699 393 2764 Mathioli
418 2703 500 2763 inter
522 2720 557 2762 se
575 2700 708 2762 conlatis
729 2720 793 2761 non
808 2699 912 2761 solum
929 2698 1065 2760 formam
1089 2697 1141 2759 vel
1164 2699 1344 2778 dispositio·

159 2830 236 2872 nem
259 2810 318 2871 sed
342 2810 439 2871 etiarn
472 2828 521 2870 res
554 2809 637 2889 ipsas
673 2827 715 2869 ex
748 2816 883 2869 auctore
906 2805 1057 2868 Romano
1090 2807 1243 2886 repetitas
1273 2825 1343 2867 esse

160 2920 218 2982 vix
240 2937 348 2998 neges.

273 3023 376 3105 Apul.
401 3022 421 3088 l.
446 3044 474 3087 c.
513 3020 588 3085 «Ad
624 3024 737 3103 capitis
769 3021 929 3084 dolorem.
978 3020 1110 3083 Herbae
1141 3020 1342 3082 verbenacae

162 3152 318 3196 coronam
349 3131 444 3193 lacito
476 3138 509 3192 et
540 3132 570 3191 in
602 3132 709 3210 capite
740 3132 874 3208 inpone,
908 3127 1055 3190 dolorem
1080 3127 1192 3208 capitis
1215 3126 1340 3189 tollet.»

164 3239 312 3303 Mathioli
335 3238 356 3304 1.
370 3259 408 3306 nc.
456 3236 540 3308 ultan
574 3235 720 3318 brandus
752 3235 821 3318 nod]
856 3233 974 3321 ietisser
1006 3233 1080 3319 ssett
1115 3253 1150 3318 au
1181 3234 1343 3322 lettaorneu

163 3345 287 3431 &oden
312 3345 373 3417 unb
399 3343 593 3430 belnenlten.
641 3343 757 3426 otton
784 3342 905 3427 modun
929 3341 1096 3428 Artntlen
1121 3348 1182 3414 uus
1206 3341 1342 3415 tenen

161 3453 295 3525 buttem
319 3453 380 3524 unt
405 3453 512 3539 leaena
539 3450 605 3538 uult
628 3451 724 3523 niter
748 3450 808 3522 bna
833 3449 1033 3535 uountnelu.

273 3561 467 3623 Herbarium
491 3562 586 3642 igitur
609 3559 731 3641 Apulei
764 3559 806 3620 ad
841 3577 933 3619 usum
967 3577 1170 3622 communem
1200 3560 1342 3622 omnium

160 3670 379 3750 compositum
403 3677 435 3730 et
459 3670 489 3730 in
514 3667 688 3730 multorum
721 3665 868 3728 manibus
904 3664 998 3727 luisse
1023 3666 1115 3729 facile
1139 3666 1341 3748 intellegitur,

157 3780 192 3841 id
217 3779 306 3859 quod
330 3778 360 3838 in
391 3776 588 3838 restituenda
626 3774 723 3837 libelli
758 3775 892 3855 pristina
923 3774 1026 3836 sorma
1049 3794 1112 3835 non
1136 3775 1203 3835 sine
1228 3773 1338 3855 aliquo

56 3906 58 3913 ’
158 3893 325 3948 momento
350 3904 418 3946 esse
442 3883 522 3946 infra
545 3882 741 3950 videbimus,

589 4037 909 4075 -—-·-÷<>4—⁴—

160 4191 228 4198 ...η-

249 4240 293 4310 a)
314 4240 393 4296 Voce
415 4239 548 4308 „titulus“
570 4239 685 4309 singula
704 4236 831 4293 remedia
851 4236 888 4291 ab
907 4235 1110 4293 Aokermanno
1130 4235 1340 4308 significantur.
