3000 4604
693 123 748 203 47

134 359 169 438 sla*
200 357 400 458 oryrrdtqr.
439 377 492 444 Sic
525 402 569 442 ex
599 379 771 461 Apuleio,“
819 379 1044 442 Coniecturam
1076 377 1159 442 hanc
1188 375 1240 443 ille
1264 397 1307 445 ex

133 491 274 552 editione
298 489 330 550 H
354 491 496 569 sumpsIt,
529 487 629 569 Vulg,
655 497 688 550 et
712 486 747 557 C,
772 488 826 552 W.
850 487 972 551 habent
996 489 1215 570 ,‚genitalem.“
1247 491 1307 553 At-

133 617 196 677 que
220 596 283 658 hoc
307 617 425 657 nomen
449 597 686 658 emendandum
717 616 781 657 non
815 615 885 658 esse
919 616 962 657 ex
985 597 1082 677 ipsius
1106 597 1306 660 Dioscoridis

133 705 238 767 verbis
261 712 406 785 apparet.
454 703 590 784 Legitur
613 706 697 766 enim
720 707 776 780 IV,
802 719 858 766 τοι
885 691 972 784 φασὶ
1010 691 1047 761 δὲ
1076 692 1134 762 καὶ
1164 685 1307 787 ἀφροδί-

133 826 192 870 σια
221 807 411 894 παρορμᾶν
438 794 502 893 τὴν
531 792 694 892 ἀνωτέρω
718 798 816 894 ρ’ίζοιν
835 794 897 869 σὺν
916 801 997 890 οἴνω
1026 805 1215 890 nudatum,
1244 796 1307 869 riu

132 909 317 1000 κατωτέρω
346 905 383 975 δὲ
413 899 558 995 ἀγόνους
585 913 709 976 ποιεῖν.

241 1007 277 1077 C.
301 1010 473 1078 LXXXV.
509 1007 620 1071 Herba
643 1006 771 1071 Sabina.
807 1014 895 1086 „alii
920 1011 1179 1071 oataohieron“
1217 1011 1306 1089 quod

132 1117 357 1197 corrigendum
382 1123 440 1179 est.
478 1115 560 1177 Cum
584 1114 685 1177 herba
708 1117 838 1196 spinosa
862 1135 930 1178 esse
954 1117 1086 1193 dicatur,
1115 1137 1306 1197 proponam,

132 1229 198 1286 alii
223 1257 265 1267 —
289 1228 472 1286 acanthan
496 1226 663 1286 hieran.“

238 1331 363 1394 Ibidem
385 1333 540 1411 scriptum
564 1338 624 1392 est:
649 1337 733 1408 „alii
758 1335 970 1408 amtysion.“

238 1439 273 1500 In
296 1439 407 1501 litteris
430 1442 518 1515 „am“
542 1438 641 1500 latere
665 1447 746 1520 puto
769 1442 888 1515 „eam“.
913 1437 1038 1519 ¹Itaque
1055 1447 1143 1500 recte
1159 1441 1306 1501 conicere

132 1547 208 1609 mihi
231 1549 357 1610 videor:
387 1553 469 1632 „alii
496 1547 625 1627 (dicunt)
651 1565 733 1609 eam
757 1551 957 1624 thyrsion:“
981 1545 1111 1627 thyrsus
1136 1549 1219 1609 enim
1243 1549 1305 1629 spi·

131 1676 206 1717 nam
228 1654 395 1737 significat.

239 1762 274 1826 C.
299 1763 526 1832 LXXXVIII.
558 1761 766 1825 Millefolium.
797 1768 860 1825 alii
885 1767 1168 1840 chiliophyllon.
1193 1764 1304 1829 Diosc.
1418 1804 1420 1807 ·

131 1873 188 1938 IV.
218 1887 265 1948 13.
290 1853 540 1950 μολλόφολλον,
569 1870 658 1950 quod
683 1890 726 1930 ex
751 1871 823 1932 cod.
848 1870 880 1931 V
904 1871 934 1931 in
960 1853 1180 1951 χιλιόφολλον
1199 1891 1305 1933 emen·

133 1979 276 2042 dandum
300 1986 356 2070 est,
381 1998 464 2058 quae
488 1998 556 2038 vox
580 1978 753 2058 respondet
777 1977 940 2040 millefolio
964 1978 1192 2056 Romanorum,
1217 1981 1305 2060 quod

132 2096 164 2149 et
187 2088 291 2167 ipsum
315 2086 402 2166 apud
426 2086 534 2150 Diosc.
559 2086 676 2165 legitur
698 2066 888 2164 »Ῥωμαῖοι
915 2069 1196 2166 μιλλεφόλλιονμ.

239 2211 274 2275 C.
300 2214 492 2280 LXXXIX.
516 2211 548 2275 6.
595 2210 669 2288 „Ad
694 2211 861 2291 caliginem
886 2210 1063 2280 oculorum,
1097 2211 1229 2276 Herbae
1253 2236 1303 2276 ru·

129 2329 183 2383 tae
207 2341 280 2382 rore
303 2321 460 2382 matutino
484 2324 675 2382 madentes
699 2338 803 2381 sucus
820 2319 980 2383 collectos
1003 2321 1034 2381 in
1051 2320 1180 2382 vasculo
1205 2320 1304 2383 habe·

130 2428 178 2490 bis
202 2437 235 2490 et
259 2448 302 2489 ex
326 2447 365 2489 eo
389 2426 562 2503 inungebis
595 2427 710 2495 idem.“
756 2424 902 2503 Sucum,
933 2427 1132 2504 collectum,
1164 2428 1304 2510 inunges

130 2537 362 2598 restituendum
395 2555 464 2596 esse
496 2543 640 2616 apparet.
687 2532 753 2596 Sed
784 2554 826 2595 ne
849 2535 1052 2611 „madentes“
1076 2536 1207 2616 quidem
1231 2538 1304 2598 reti·

130 2646 198 2706 neri
221 2652 337 2724 potest.
384 2642 631 2704 Ackermannus
663 2642 794 2722 quidem
819 2662 873 2719 ea,
905 2662 988 2723 quae
1012 2643 1144 2723 vulgata
1167 2644 1304 2724 praebet

130 2752 268 2830 „herbae
292 2759 382 2813 rutae
412 2770 518 2812 rorem
547 2751 738 2812 matutinum
769 2758 825 2811 aut
858 2751 1013 2812 matutino
1039 2750 1210 2832 [tempore]
1236 2771 1303 2813 ma·

129 2862 242 2923 dentes
279 2864 411 2922 succos“
450 2867 511 2922 etc.
551 2859 596 2919 sic
642 2859 884 2939 interpretatur:
932 2878 1057 2934 „rorem
1104 2860 1303 2936 matutinum,

129 2969 304 3031 matutinos
350 2987 475 3029 succos.
531 2965 592 3026 Per
630 2963 690 3026 hos
724 2985 839 3027 succos
881 2986 934 3027 ros
975 2966 1164 3047 explicatur.
1223 2967 1303 3029 Vult

128 3096 261 3158 nempe,
296 3083 331 3136 ut
369 3095 421 3136 ros
458 3081 548 3135 rutae
589 3071 710 3135 herbae
752 3073 918 3135 inhaerens
962 3073 1131 3155 colligatur
1165 3075 1195 3136 in
1232 3096 1301 3138 vas·

129 3184 201 3246 culo
226 3184 324 3246 etad
353 3182 519 3244 oculorum
552 3180 685 3242 morbos
718 3179 917 3244 adhibeatur.
964 3182 1129 3263 Tempore
1153 3184 1301 3264 adposui-

129 3312 207 3370 mus,
232 3291 320 3372 quod
345 3292 375 3352 in
403 3290 488 3353 libris
520 3290 612 3351 editis
645 3290 704 3351 erit
736 3291 918 3352 omissum.“
964 3289 1056 3352 Haec
1080 3292 1301 3372 interpretatio

128 3400 204 3461 mihi
228 3400 355 3460 minime
379 3397 499 3479 placet,
533 3397 672 3458 Primum
697 3399 780 3459 enim
802 3398 891 3478 quod
915 3418 987 3476 „ros
1011 3400 1219 3461 matutinum“
1243 3419 1302 3480 per

128 3527 259 3584 „succos
284 3508 438 3568 matutino
462 3515 611 3586 tempore
635 3507 821 3568 madentes“
846 3505 1034 3587 explicatur,
1067 3505 1162 3568 valde
1187 3507 1301 3568 mirum

127 3615 263 3684 videtur,
310 3614 427 3694 Neque
451 3616 635 3676 coniectura
663 3615 768 3694 gravis
792 3615 823 3674 in
847 3613 1000 3676 auxilium
1025 3615 1172 3676 vocanda
1195 3622 1253 3691 est,
1276 3616 1302 3676 si

127 3722 227 3784 verba
250 3720 364 3783 leviter
387 3729 510 3784 mutata
534 3729 656 3782 rectam
679 3723 869 3783 sententiam
898 3721 1063 3802 praebent.
1111 3720 1189 3802 Quis
1213 3723 1300 3783 deni-

128 3850 191 3910 que
216 3829 296 3892 serat
319 3850 451 3908 „succos
474 3829 677 3891 madentes?“
723 3827 826 3891 Immo
856 3829 932 3892 iilud
962 3839 1036 3907 „aut
1060 3832 1234 3892 matutino“
1258 3851 1302 3892 ex

127 3940 341 4001 antecedente
365 3933 560 4015 „matutino“
593 3956 701 3999 errore
733 3937 851 4000 llbrarii
883 3940 1054 4019 repetitum
1079 3947 1136 4001 est.
1184 3938 1300 4018 Neque

127 4047 265 4107 enimin
290 4047 355 4108 ullo
379 4046 493 4109 codice
526 4064 682 4108 manuscr.
714 4047 881 4115 invenitur,
929 4045 1133 4122 „Madentes“
1161 4047 1192 4107 in
1216 4066 1299 4122 „ma-

127 4155 246 4216 dentis“
271 4163 470 4216 commutato
494 4173 544 4215 res
567 4151 711 4234 liquebit.
