3000 4604
325 403 456 464 easdem
482 402 548 464 sere
574 421 631 479 res,
655 421 719 462 non
745 402 861 464 eadem
885 401 985 464 verba
1001 403 1173 464 continent.
1208 401 1340 465 Adscri-

325 509 444 572 buntur
466 511 609 572 remedia
632 510 842 587 Dioscoridis,
865 511 891 572 si
915 511 1031 572 eadem
1055 507 1218 575 exhibent.

378 615 478 697 Apul.

230 727 256 793 Ι,
288 740 334 801 11,
368 724 410 786 ad
438 725 582 786 iocineris
606 722 697 786 dolo-

163 852 239 895 rem.
256 828 377 893 herbae
390 833 571 893 vettonicae
584 829 697 893 drach-

1035 616 1112 680 Plin.

874 724 925 801 26,
960 736 1011 803 35,
1054 725 1183 786 iocineri
1196 724 1341 788 -bibitur

806 833 969 894 vettonica
1003 829 1157 895 drachma
1196 851 1270 895 una
1310 834 1340 894 in

164 960 232 1002 mas
243 948 329 1017 treS‚
355 958 459 1020 aquae
482 938 605 1001 calidae
621 959 697 1018 cya-
745 930 749 979 ¹
806 958 910 1018 aquae
935 938 1058 1003 calidae
1082 938 1207 1020 cyathis
1232 940 1340 1003 tribus
1414 974 1418 983 ·

163 1045 238 1109 thos
261 1056 327 1109 tres
350 1045 451 1115 bibat.

230 1157 256 1224 Ι,
285 1169 332 1234 17.
381 1154 422 1215 ad
452 1152 559 1215 alvum
592 1155 697 1215 conci·

164 1263 305 1324 tandum.

875 1136 925 1213 26,
951 1149 1002 1214 54.
1034 1135 1210 1199 Vettonica
1233 1135 1341 1204 alvom

805 1244 901 1306 solvit
932 1241 1091 1307 drachmis
1126 1252 1280 1324 quattuor
1311 1246 1341 1306 in

230 1369 262 1434 h,
298 1372 480 1433 vett0nicae
527 1366 696 1432 drachmas
805 1351 1040 1434 hydromelitos
1053 1348 1179 1432 cyathis
1194 1369 1340 1416 novem.

163 1486 325 1558 quattuor,
356 1476 591 1558 hydromelitos
621 1497 697 1557 cya-

162 1583 236 1646 thos
259 1593 354 1648 oct0.
402 1584 578 1647 bibendum
609 1585 697 1660 dat0,

162 1702 307 1755 ventrem
331 1701 468 1761 movet.

270 1818 379 1886 Diosc,
406 1821 463 1886 IV,
493 1815 504 1860 1
549 1804 683 1875 κοιλίαν
719 1804 754 1874 δὲ
784 1800 862 1880 <d'
902 1805 1120 1901 καθαίρουσι
1167 1812 1338 1876 notitioni

166 1908 251 2004 μεθ’
282 1907 505 2007 ὑδρομέλιτος
533 1908 677 1982 κυάθων
705 1913 796 1983 δέκα.

229 2035 254 2101 Ι.
300 2048 353 2111 43.
401 2032 456 2095 Ad
502 2033 697 2113 serpentium

165 2161 297 2205 morsus.
365 2142 370 2152 '

231 2248 426 2310 Vettonicae
448 2245 618 2311 drachmas
634 2256 698 2309 tres

163 2358 192 2430 in
218 2357 281 2417 vini
304 2354 438 2417 heminis
457 2356 557 2418 tribus
581 2355 697 2417 dilutas

164 2464 256 2544 potui
280 2465 366 2540 dat0‚
396 2464 537 2525 omnium
568 2482 698 2544 serpen-

163 2572 242 2632 tium
266 2591 389 2633 morsus
413 2579 513 2634 sanat.

874 2047 925 2114 25,
954 2050 1024 2099 101.
1057 2035 1152 2096 datur
1188 2033 1229 2094 ad
1261 2033 1341 2095 ictus

807 2161 933 2208 semen
968 2143 1034 2203 eius
1065 2145 1209 2204 denarii
1243 2157 1341 2217 pon-

807 2255 894 2314 dere
911 2269 984 2312 cum
1004 2249 1105 2311 tribus
1123 2246 1249 2329 cyathis
1266 2248 1340 2312 vini.

270 2697 381 2764 Diosc.
405 2699 460 2764 Ν.
505 2694 517 2739 1
566 2680 809 2780 θηοιοδήκτοις
850 2684 887 2756 δὲ
930 2679 1027 2757 ὁλκοὶ
1066 2679 1096 2775 γ’
1130 2678 1208 2775 μετ’
1242 2685 1340 2753 οἴνου

163 2796 315 2861 κοτυλῶν
333 2787 376 2882 β.

231 2916 275 2981 lI.
299 2929 329 2988 4.
376 2913 418 2974 ad
442 2913 672 2993 dysentericos.
744 2912 750 3001 l

232 3017 261 3082 h.
282 3018 500 3100 plantaginem
518 3038 590 3080 cum
606 3018 696 3081 lenti-

165 3126 238 3189 cula
262 3127 394 3207 coquito
426 3135 459 3188 et
489 3127 531 3188 da
563 3127 696 3188 mandu-

162 3254 245 3311 care,
268 3235 404 3314 stringet
427 3242 583 3304 ventrem,

230 3344 275 3410 II.
305 3357 353 3420 13.
387 3342 428 3403 ad
459 3342 639 3422 podagram
664 3351 696 3403 et

162 3450 303 3510 omnium
340 3467 510 3510 nervorum
549 3447 696 3510 dolorem

161 3556 213 3618 vel
236 3565 407 3624 tumorem,

229 3663 260 3726 h.
287 3664 479 3745 plantaginis
515 3663 590 3726 solia
621 3684 695 3725 con-

162 3780 232 3834 tusa
277 3792 349 3834 cum
389 3771 456 3834 sale
495 3773 625 3834 modico
664 3780 697 3833 et

161 3881 265 3961 pisata
288 3882 411 3961 optime
444 3880 550 3942 sacere
574 3887 696 3942 certum

160 3995 219 4056 est.

229 4095 273 4162 II.
308 4109 359 4157 21.
398 4096 439 4157 ad
479 4094 587 4156 ulcera
625 4094 695 4155 oris,

161 4199 284 4271 herbae
319 4200 511 4291 plantaginis
540 4221 634 4270 sucus
665 4203 695 4263 in

875 2913 926 2991 26,
949 2930 1002 2991 44.
1026 2913 1133 2976 alvum
1156 2913 1237 2975 sistit
1250 2911 1341 2993 plau·

806 3028 884 3102 tago
909 3041 982 3083 curn
1006 3020 1156 3083 lenticula
1180 3027 1280 3082 corta.

874 3343 925 3420 26,
976 3357 1046 3405 101.
1090 3343 1217 3423 utrique
1265 3342 1341 3422 (scil.

806 3451 984 3532 podagrae)
997 3451 1147 3512 convenit
1160 3487 1198 3497 -
1216 3450 1340 3532 planta·

806 3559 886 3639 ginis
921 3557 996 3620 lolia
1030 3559 1141 3620 addito
1173 3558 1241 3620 sale
1273 3579 1340 3621 mo·

806 3667 889 3729 dico.

874 4106 925 4172 25,
950 4107 1021 4175 175.
1046 4094 1118 4158 Oris
1135 4094 1241 4157 ulcera
1256 4096 1340 4158 intus

805 4222 900 4264 sucus
924 4201 1117 4291 plantaginis
1140 4202 1298 4266 emendat
1307 4211 1340 4274 et
