3000 4604
649 116 779 246 ‘n

167 349 208 429 ab
234 352 410 428 os'tetrice.‘²
445 353 538 426 Haec
565 366 767 428 emendanda
790 386 834 428 ex
857 365 988 448 vulgata
1013 369 1057 431 sic
1080 378 1166 433 sunt:
1203 353 1341 448 „herbae

166 475 250 536 aneti
285 475 495 536 medicamine
532 475 751 554 suprascripto
786 495 918 556 pessum
958 476 1077 539 factum
1113 480 1258 541 iniciatus
1298 481 1339 544 ab

165 578 371 644 obstetrice.“
412 581 527 662 Itaque
555 583 712 662 priorem*
728 582 836 645 locum
859 586 903 646 sic
932 586 1084 646 emendo:
1122 633 1260 654 .....
1288 598 1340 651 «et

164 689 277 751 vulnus
301 690 375 751 fove
399 710 442 751 ex
470 709 555 769 aqua
578 697 611 750 et
643 692 783 770 myrtino
811 689 884 752 lava
908 700 941 753 et
963 694 1008 752 sic
1032 694 1243 755 medicamine
1267 712 1360 776 pes?

163 817 232 857 sum
256 796 375 858 sactum
399 799 523 859 inicias»
560 798 579 864 i.
612 817 639 859 e.
674 797 735 867 aab
769 798 866 882 made
903 805 963 868 uuo
996 799 1062 869 bem
1091 799 1267 883 periuria
1292 803 1339 873 ein

164 902 319 990 gdpideu
343 904 404 974 unb
430 903 517 989 istim
542 909 576 974 εξ
600 904 633 974 ἱη
657 904 718 975 buo
742 915 904 968 veretrum
929 907 985 977 ein.

273 1031 309 1101 C.
334 1033 490 1100 CXXIII.
517 1048 546 1100 2.
580 1032 661 1096 Cod.
686 1033 718 1094 V
743 1032 825 1095 haec
848 1034 985 1114 praebet
1018 1034 1093 1097 «Ad
1118 1037 1339 1100 emitritaeum.

164 1140 309 1203 Herbam
332 1142 567 1221 sempervivam
599 1149 631 1202 et
661 1141 864 1221 sisymbrium
889 1151 922 1204 et
947 1144 1157 1227 agrimoniam
1182 1152 1215 1205 et
1238 1143 1339 1205 coral⁴

163 1248 229 1310 lum
260 1254 443 1324 virginem
466 1248 557 1309 simul
589 1250 698 1310 tritum
729 1250 875 1311 admixto
909 1256 995 1313 cifin
1019 1259 1051 1311 et
1075 1270 1193 1331 aquam
1218 1257 1338 1313 maia·

164 1363 237 1420 lem
262 1354 434 1417 caelestem
458 1355 564 1433 dabis,
592 1356 757 1418 miraberis
790 1356 942 1419 effectum
965 1358 1114 1420 bonum.»
1165 1356 1338 1420 hemitrita-

163 1484 237 1525 eum
260 1464 490 1525 restituendum
515 1483 585 1525 esse
610 1472 757 1544 apparet,
805 1465 921 1545 Neque
956 1457 1150 1545 «virginem»
1184 1465 1255 1526 ferri
1281 1484 1339 1544 po·

162 1580 234 1634 test.
280 1571 350 1633 Aut
379 1571 581 1634 scribendum
615 1581 664 1634 est
698 1575 900 1650 ,‚virginis“
937 1574 956 1634 i.
989 1593 1016 1636 e.
1052 1573 1215 1650 corallum,
1250 1575 1339 1653 quod

163 1681 254 1760 virgo
279 1687 475 1759 portaverat,
499 1688 554 1741 aut
579 1682 770 1757 „virgine“
796 1681 815 1749 i,
841 1700 867 1741 e.
892 1681 1013 1760 virgine
1037 1683 1153 1742 tritum.
1197 1679 1232 1741 In
1257 1679 1338 1757 cifin,

162 1789 293 1849 nisime
318 1786 401 1864 sallo,
425 1786 504 1848 latet
528 1791 700 1865 „cytino“
725 1786 790 1856 scil.
816 1787 900 1856 oleo,
948 1786 1035 1868 Quid
1067 1808 1145 1849 vero
1172 1786 1332 1849 «maialis»

162 1894 326 1979 significet,
350 1897 467 1958 nescio,
492 1894 546 1956 An
562 1895 766 1957 scribendum
782 1903 845 1957 est:
873 1893 1109 1975 «pluvialem»?
1133 1895 1217 1955 Tum
1247 1915 1338 1956 «cae-

163 2001 296 2064 lestem»
322 2022 597 2083 supervacaneum
620 1983 765 2071 videturss

298 2453 440 2527 Partes
469 2454 707 2527 subditiciae
738 2454 822 2528 cod.
850 2449 895 2534 V,
926 2453 1197 2527 emendantur.

269 2665 304 2736 C.
329 2671 386 2738 IV.
413 2684 442 2733 2.
467 2668 615 2749 legimus:
651 2669 713 2730 «ad
743 2687 839 2729 uvam
862 2667 1027 2729 et'sauces
1050 2665 1102 2728 vel
1126 2685 1332 2729 scruveas.»

162 2781 346 2859 „scruveas“
371 2779 458 2840 etin
483 2778 554 2857 ipso
579 2776 790 2837 medicamine
813 2775 905 2836 nobis
937 2776 1084 2838 occurrit.
1132 2772 1208 2836 Sine
1236 2773 1335 2836 dubio
1413 2781 1416 2786 ’

160 2888 365 2951 scribendum
390 2894 457 2948 est:
486 2892 670 2948 «strumas»

269 2995 303 3059 C.
328 2998 366 3064 V.
393 2995 422 3062 8.
465 2994 685 3055 «medicamen
717 2992 759 3053 de
791 2993 861 3072 ipsa
884 2991 929 3075 fit,
954 2991 1051 3071 quod
1067 2991 1180 3051 dicitur
1205 2993 1335 3066 Septa-

161 3113 265 3183 tium,
292 3105 450 3186 optimum
473 3101 569 3164 valde
594 3108 626 3162 et
651 3101 692 3162 ad
716 3100 823 3160 omnia
847 3097 978 3160 vulnera
1003 3106 1035 3158 et
1059 3097 1239 3171 cicatrices;
1262 3096 1337 3157 satis

161 3214 310 3278 dolorem
334 3212 520 3292 compescit.

269 3324 338 3397 ΙΧ,,
364 3319 539 3382 Conficitur
563 3326 671 3379 autem
695 3317 755 3377 sic:

268 3429 389 3491 herbae
412 3425 666 3508 symphoniacae
689 3444 785 3499 sucus
802 3423 882 3484 libra
908 3423 1026 3501 ¹[cera
1042 3420 1122 3482 libra
1132 3423 1171 3500 Ἃ,
1195 3421 1335 3500 axungia

160 3541 293 3622 porcina
315 3537 395 3600 libra
418 3556 489 3612 una,
513 3532 708 3614 colophonia
733 3530 926 3611 (coliofonia)
951 3529 1031 3590 libra
1054 3549 1124 3604 una,
1149 3526 1212 3588 olei
1236 3545 1334 3590 com·

161 3654 284 3712 munis
319 3645 399 3707 libra
431 3664 510 3718 una;
545 3640 627 3705 haec
662 3640 745 3721 (hec)
779 3640 885 3701 omnia
917 3657 1019 3719 pones
1047 3656 1144 3716 super
1175 3634 1282 3696 focum
1305 3636 1336 3695 in

161 3754 303 3817 caccabo
335 3772 431 3814 aereo
466 3759 499 3813 et
530 3750 652 3811 tamdiu
684 3747 772 3809 lento
797 3748 869 3827 igne
894 3764 1023 3825 coques,
1048 3744 1200 3823 quamdiu
1223 3761 1336 3804 sucum

161 3861 464 3944 perconsumpserit.
499 3858 543 3920 Et
566 3859 672 3939 agitur
687 3856 820 3918 adsidue
844 3853 1028 3933 (adsiduae),
1052 3859 1167 3931 postea
1191 3851 1335 3930 depones

161 3972 203 4032 de
227 3969 310 4047 soc0,
334 3978 369 4032 ut
393 3968 563 4049 infrigidet.
611 3964 718 4028 Uteris
746 3963 976 4024 medicamen.»

268 4083 403 4144 Adnot.
448 4074 522 4136 Hoc
555 4073 754 4134 medicamen
786 4067 994 4131 vehementer
1028 4087 1048 4128 a
1081 4067 1203 4128 ratione
1239 4061 1336 4125 libelli

161 4189 301 4250 auctoris
326 4185 479 4248 abhorret
503 4183 711 4260 eiusdemque
735 4179 897 4258 scriptoris
921 4195 989 4237 esse
1013 4175 1147 4252 videtur,
1175 4174 1262 4313 cuilus
1286 4177 1335 4232 est
