3000 4604
603 136 781 226 '24

644 259 857 268 *-

381 384 483 467 Apul.
1034 384 1113 447 Plin.

232 495 353 562 LXIV.
399 493 455 556 Ad
494 495 698 575 scorpionum
876 509 927 572 22,
954 494 1006 573 58.
1035 491 1164 555 Genera
1188 492 1263 573 (scil.
1286 491 1343 555 he·

164 608 198 662 et
212 601 408 680 serpentium
425 620 559 666 morsus,
584 599 615 670 h.
633 620 698 665 so-
808 602 959 682 liotropii)
991 602 1070 663 duo:
1101 602 1276 662 tricoccum
1310 608 1343 663 et

165 713 247 784 lago
281 708 382 769 maior
413 713 510 775 sicca
541 714 579 771 in
610 716 698 787 pul·
747 705 751 796 Ι
808 708 1058 788 helioscopium;
1091 706 1155 770 hoc
1186 707 1278 770 altius
1311 716 1345 769 et

164 817 700 879 veremmollissimumredacta
808 816 1010 898 serpentibus
1048 824 1082 877 et
1119 815 1343 896 scorpionibus

163 923 194 984 in
226 924 300 985 vino
332 924 425 1004 potui
456 924 550 989 datur
574 931 606 985 et
630 925 700 1004 ipsa
808 926 923 986 resistit
960 943 1004 986 ex
1045 923 1120 984 vino
1156 930 1211 984 aut
1245 941 1344 1000 aqua

164 1039 299 1094 contusa
324 1029 441 1113 plagae
465 1033 635 1114 inponitur.
806 1037 939 1108 mulsa,
986 1038 1022 1093 ut
1059 1034 1341 1107 Apollophanes

806 1147 842 1201 et
864 1141 1118 1216 Apololdorus
1141 1137 1279 1200 tradunt.

269 1245 340 1309 NB.
388 1245 468 1309 Vox
494 1246 646 1328 «solago»
672 1266 692 1308 a
714 1245 814 1308 Plinio
839 1264 995 1327 nusquam
1019 1252 1199 1323 usurpatur.

230 1354 367 1423 LXVII.
408 1369 433 1418 1.
467 1352 524 1416 Ad
547 1356 696 1435 dysente-
874 1353 925 1430 26,
947 1367 999 1428 24.
1017 1349 1107 1414 Sistit
1123 1349 1230 1412 alvom
1247 1371 1339 1431 nym-

163 1461 254 1526 ricoS.
289 1458 391 1523 herba
413 1459 600 1542 nymphaea
623 1482 696 1524 cum
805 1459 912 1542 phaea
935 1457 1104 1522 Heracliae
1133 1476 1243 1519 semen
1267 1479 1342 1521 cum

162 1571 282 1630 semine
317 1568 347 1629 in
379 1568 454 1630 vino
486 1569 568 1647 trita,
605 1571 696 1650 potui
805 1570 879 1630 vino
902 1576 1026 1649 potum.

162 1675 238 1737 data
262 1676 341 1738 mire
365 1675 447 1738 iacit.

590 1993 910 2031 -ae-ooo-ff*

268 2248 432 2311 Remediis
455 2247 575 2330 Apulei
599 2256 632 2311 et
655 2247 742 2311 Plinii
767 2250 900 2312 easdem
923 2269 974 2311 res
998 2249 1162 2312 continere
1188 2258 1336 2330 apparet,

162 2356 309 2418 sednon
332 2357 439 2417 omnia
463 2357 545 2418 inter
566 2375 601 2417 se
625 2358 836 2425 consentiunt,
883 2354 996 2418 Oratio
1025 2364 1136 2419 autem
1159 2357 1189 2417 in
1214 2355 1262 2418 his
1288 2377 1338 2418 re·

141 2462 274 2524 ‘mediis
310 2462 451 2526 breviter
484 2464 684 2526 adumbratis
718 2472 785 2525 tam
821 2465 949 2526 concisa
984 2474 1039 2541 est,
1075 2473 1110 2526 ut
1144 2484 1186 2526 ex
1210 2485 1250 2526 ea
1272 2477 1339 2527 non

162 2569 256 2633 liceat
281 2572 428 2633 conicere
452 2570 494 2633 ab
516 2569 658 2652 Apuleio
674 2570 807 2633 Plinium
831 2579 1022 2652 excerptum
1046 2591 1125 2649 esse,
1149 2573 1339 2653 praesertim

161 2697 236 2739 cum
259 2678 361 2741 verba
383 2698 482 2759 saepe
505 2678 586 2741 inter
609 2698 645 2741 se
669 2677 828 2744 differant.

266 2789 294 2855 Ι.
319 2785 352 2855 b,
376 2785 542 2863 Remedia,
567 2806 651 2867 quae
675 2786 717 2848 ab
733 2786 876 2867 Apuleio
900 2787 1002 2867 magis
1025 2793 1183 2848 exornata
1206 2788 1337 2849 tradun-

159 2899 211 2954 tur
247 2913 344 2974 quam
380 2893 532 2964 aPlini0.
580 2894 655 2956 Non
691 2896 818 2957 videtur
852 2896 1067 2956 necessarium
1102 2913 1213 2956 omnes
1245 2893 1340 2958 locos

160 3018 367 3082 componere.
414 2999 527 3082 Itaque
564 3020 621 3063 eos
656 3009 781 3064 tantum
816 3002 988 3082 adponam,
1023 3003 1054 3062 in
1089 3001 1206 3082 quibus
1240 3004 1339 3064 etiam

159 3109 360 3172 Dioscoridis
384 3109 526 3171 remedia
549 3109 699 3172 breviora
721 3117 794 3171 sunt
818 3129 916 3190 quam
938 3107 1067 3189 Apulei.

373 3216 476 3297 Apul.
741 3215 745 3320 l
1031 3216 1110 3287 Plin,

226 3327 253 3393 Ι.
295 3339 342 3402 13.
377 3322 434 3387 Ad
467 3344 578 3387 renum
602 3324 693 3387 dolo·
741 3326 744 3413 l
870 3325 920 3402 26,
955 3325 1006 3403 38.
1042 3325 1169 3386 renibus
1202 3326 1339 3406 prodest

160 3451 236 3501 rem,
250 3430 372 3495 herbae
384 3434 567 3495 vettonicae
578 3431 693 3496 drach·
802 3433 1028 3495 -vettonicae
1052 3441 1161 3513 potae,

159 3559 227 3601 mas
251 3541 330 3602 duas
353 3560 397 3602 ex
420 3539 533 3618 mulso,
567 3539 692 3621 cyathis
908 3558 1016 3621 Dioge,
1040 3561 1098 3627 lv·
1129 3573 1140 3618 1
1184 3572 1340 3640 νεφριτι.

160 3647 288 3710 duobus
327 3667 400 3710 cum
435 3647 560 3726 biberit,
598 3667 692 3710 sanus
802 3657 872 3730 κοῖς
900 3652 1037 3723 δίδοται
1064 3680 1111 3743 με
1138 3644 1274 3731 ὕδατος.

159 3755 227 3819 erit.
871 3754 921 3832 26,
970 3755 1022 3833 78.
1073 3756 1201 3816 vesicae
1246 3755 1340 3818 malis

226 3862 309 3934 ibid,
334 3879 351 3924 2
357 3880 385 3943 3.
410 3863 466 3926 Ad
490 3863 618 3926 vesicae
636 3863 694 3925 do·
803 3873 980 3944 contraque
997 3863 1273 3925 calculos-auxilio
1287 3872 1340 3926 est

158 3971 269 4034 lorem.
330 3970 451 4034 herbae
512 3971 695 4034 vettonicae
803 3973 976 4040 vettonica,

159 4077 329 4142 drachmas
352 4088 514 4161 quattuor,
545 4081 622 4160 appi
646 4099 694 4140 ra·
909 4078 1017 4141 Diosc.
1041 4081 1098 4147 IV.
1139 4095 1150 4140 1
1196 4066 1337 4136 δίδοται

158 4187 246 4251 dices
268 4186 438 4249 drachmas
454 4195 519 4249 tres
536 4188 694 4266 decoque.
803 4174 862 4245 καὶ
890 4169 1009 4245 κύστιν
1037 4166 1209 4264 ἅλγοῦσιν.
