<?xml version="1.0" encoding="UTF-8"?>
<!DOCTYPE html PUBLIC "-//W3C//DTD XHTML 1.0 Transitional//EN"
    "http://www.w3.org/TR/xhtml1/DTD/xhtml1-transitional.dtd">
<html xmlns="http://www.w3.org/1999/xhtml" xml:lang="en" lang="en">
 <head>
  <title>
</title>
<meta http-equiv="Content-Type" content="text/html;charset=utf-8" />
  <meta name='ocr-system' content='tesseract 3.04.00' />
  <meta name='ocr-capabilities' content='ocr_page ocr_carea ocr_par ocr_line ocrx_word'/>
</head>
<body>
  <div class='ocr_page' id='page_1' title='image "./depseudoapuleih00koebgoog_0026.png"; bbox 0 0 3000 4604; ppageno 0'>
   <div class='ocr_carea' id='block_1_1' title="bbox 736 125 763 212">
    <p class='ocr_par' dir='ltr' id='par_1_1' title="bbox 736 125 763 212">
     <span class='ocr_line' id='line_1_1' title="bbox 736 125 763 212; baseline 0 0"><span class='ocrx_word' id='word_1_1' title='bbox 736 125 763 212; x_wconf 82' lang='lat'><strong>9</strong></span> 
     </span>
    </p>
   </div>
   <div class='ocr_carea' id='block_1_2' title="bbox 641 244 854 255">
    <p class='ocr_par' dir='ltr' id='par_1_2' title="bbox 641 244 854 255">
     <span class='ocr_line' id='line_1_2' title="bbox 641 244 854 255; baseline 0.005 -1"><span class='ocrx_word' id='word_1_2' title='bbox 641 244 854 255; x_wconf 65' lang='lat'><strong>——-———-</strong></span> 
     </span>
    </p>
   </div>
   <div class='ocr_carea' id='block_1_3' title="bbox 159 365 1339 1625">
    <p class='ocr_par' dir='ltr' id='par_1_3' title="bbox 159 365 1339 1625">
     <span class='ocr_line' id='line_1_3' title="bbox 161 365 1339 458; baseline 0.001 -21"><span class='ocrx_word' id='word_1_3' title='bbox 161 365 280 456; x_wconf 80' lang='lat' dir='ltr'>Apulei</span> <span class='ocrx_word' id='word_1_4' title='bbox 304 365 420 437; x_wconf 90' lang='lat' dir='ltr'><strong>librum</strong></span> <span class='ocrx_word' id='word_1_5' title='bbox 456 391 630 455; x_wconf 88' lang='lat' dir='ltr'><strong>-neque</strong></span> <span class='ocrx_word' id='word_1_6' title='bbox 662 382 784 436; x_wconf 89' lang='lat' dir='ltr'><strong>temere</strong></span> <span class='ocrx_word' id='word_1_7' title='bbox 809 395 882 436; x_wconf 90' lang='lat' dir='ltr'><strong>curn</strong></span> <span class='ocrx_word' id='word_1_8' title='bbox 905 372 962 455; x_wconf 84' lang='lat' dir='ltr'><strong>Sp.</strong></span> <span class='ocrx_word' id='word_1_9' title='bbox 998 369 1187 455; x_wconf 88' lang='lat' dir='ltr'><strong>ampliorem</strong></span> <span class='ocrx_word' id='word_1_10' title='bbox 1217 367 1339 458; x_wconf 81' lang='lat' dir='ltr'><strong>Apulei</strong></span> 
     </span>
     <span class='ocr_line' id='line_1_4' title="bbox 160 480 1338 568; baseline 0.005 -21"><span class='ocrx_word' id='word_1_11' title='bbox 160 485 276 547; x_wconf 85' lang='lat' dir='ltr'><strong>librum</strong></span> <span class='ocrx_word' id='word_1_12' title='bbox 310 481 378 567; x_wconf 73' lang='lat' dir='ltr'><strong>„bie</strong></span> <span class='ocrx_word' id='word_1_13' title='bbox 402 480 526 565; x_wconf 58' lang='lat' dir='ltr'><strong>&amp;sitiit</strong></span> <span class='ocrx_word' id='word_1_14' title='bbox 557 481 612 552; x_wconf 67' lang='lat' dir='ltr'><strong>bet</strong></span> <span class='ocrx_word' id='word_1_15' title='bbox 644 481 855 568; x_wconf 65' lang='lat' dir='ltr'><strong>trinutum</strong></span> <span class='ocrx_word' id='word_1_16' title='bbox 892 503 960 545; x_wconf 84' lang='lat' dir='ltr'><strong>esse</strong></span> <span class='ocrx_word' id='word_1_17' title='bbox 984 483 1338 563; x_wconf 85' lang='lat' dir='ltr'><strong>dicam-praebuisse</strong></span> 
     </span>
     <span class='ocr_line' id='line_1_5' title="bbox 161 589 1337 675; baseline -0.001 -21"><span class='ocrx_word' id='word_1_18' title='bbox 161 614 259 675; x_wconf 91' lang='lat' dir='ltr'><strong>quam</strong></span> <span class='ocrx_word' id='word_1_19' title='bbox 283 592 308 653; x_wconf 94' lang='lat' dir='ltr'><strong>is</strong></span> <span class='ocrx_word' id='word_1_20' title='bbox 331 600 400 668; x_wconf 57' lang='lat' dir='ltr'><strong>est.</strong></span> <span class='ocrx_word' id='word_1_21' title='bbox 422 591 476 671; x_wconf 94' lang='lat' dir='ltr'><strong>qui</strong></span> <span class='ocrx_word' id='word_1_22' title='bbox 499 591 530 651; x_wconf 94' lang='lat' dir='ltr'><strong>in</strong></span> <span class='ocrx_word' id='word_1_23' title='bbox 554 589 687 671; x_wconf 91' lang='lat' dir='ltr'><strong>vulgata</strong></span> <span class='ocrx_word' id='word_1_24' title='bbox 710 593 855 661; x_wconf 82' lang='lat' dir='ltr'>traditur,</span> <span class='ocrx_word' id='word_1_25' title='bbox 904 590 939 652; x_wconf 92' lang='lat' dir='ltr'><strong>In</strong></span> <span class='ocrx_word' id='word_1_26' title='bbox 964 592 1076 653; x_wconf 90' lang='lat' dir='ltr'><strong>codice</strong></span> <span class='ocrx_word' id='word_1_27' title='bbox 1099 591 1144 655; x_wconf 89' lang='lat' dir='ltr'><strong>M.</strong></span> <span class='ocrx_word' id='word_1_28' title='bbox 1170 593 1253 653; x_wconf 91' lang='lat' dir='ltr'><strong>enim</strong></span> <span class='ocrx_word' id='word_1_29' title='bbox 1277 595 1337 653; x_wconf 93' lang='lat' dir='ltr'><strong>sin·</strong></span> 
     </span>
     <span class='ocr_line' id='line_1_6' title="bbox 160 698 1338 791; baseline -0.002 -28"><span class='ocrx_word' id='word_1_30' title='bbox 160 701 241 784; x_wconf 88' lang='lat' dir='ltr'><strong>gulis</strong></span> <span class='ocrx_word' id='word_1_31' title='bbox 265 699 412 761; x_wconf 82' lang='lat' dir='ltr'><strong>remediis</strong></span> <span class='ocrx_word' id='word_1_32' title='bbox 435 699 557 759; x_wconf 92' lang='lat' dir='ltr'><strong>numeri</strong></span> <span class='ocrx_word' id='word_1_33' title='bbox 581 699 731 779; x_wconf 82' lang='lat' dir='ltr'><strong>adscripti</strong></span> <span class='ocrx_word' id='word_1_34' title='bbox 756 708 837 777; x_wconf 90' lang='lat' dir='ltr'><strong>sunt,</strong></span> <span class='ocrx_word' id='word_1_35' title='bbox 862 701 892 761; x_wconf 93' lang='lat' dir='ltr'><strong>in</strong></span> <span class='ocrx_word' id='word_1_36' title='bbox 916 699 1047 780; x_wconf 88' lang='lat' dir='ltr'><strong>vulgata</strong></span> <span class='ocrx_word' id='word_1_37' title='bbox 1067 699 1198 780; x_wconf 92' lang='lat' dir='ltr'><strong>singulis</strong></span> <span class='ocrx_word' id='word_1_38' title='bbox 1221 698 1338 791; x_wconf 66' lang='lat' dir='ltr'><strong>herbis</strong></span> 
     </span>
     <span class='ocr_line' id='line_1_7' title="bbox 159 806 1337 891; baseline -0.004 -16"><span class='ocrx_word' id='word_1_39' title='bbox 159 815 191 875; x_wconf 94' lang='lat' dir='ltr'><strong>id</strong></span> <span class='ocrx_word' id='word_1_40' title='bbox 227 809 317 891; x_wconf 93' lang='lat' dir='ltr'><strong>quod</strong></span> <span class='ocrx_word' id='word_1_41' title='bbox 352 806 404 868; x_wconf 90' lang='lat' dir='ltr'><strong>ille</strong></span> <span class='ocrx_word' id='word_1_42' title='bbox 437 808 544 867; x_wconf 89' lang='lat' dir='ltr'><strong>nescio</strong></span> <span class='ocrx_word' id='word_1_43' title='bbox 578 827 644 886; x_wconf 94' lang='lat' dir='ltr'><strong>quo</strong></span> <span class='ocrx_word' id='word_1_44' title='bbox 678 817 774 887; x_wconf 91' lang='lat' dir='ltr'><strong>pacto</strong></span> <span class='ocrx_word' id='word_1_45' title='bbox 806 807 961 889; x_wconf 85' lang='lat' dir='ltr'><strong>neglexit.</strong></span> <span class='ocrx_word' id='word_1_46' title='bbox 999 845 1040 854; x_wconf 92' lang='lat'><em>-</em></span> <span class='ocrx_word' id='word_1_47' title='bbox 1077 808 1128 869; x_wconf 90' lang='lat' dir='ltr'><strong>De</strong></span> <span class='ocrx_word' id='word_1_48' title='bbox 1157 809 1337 887; x_wconf 75' lang='lat' dir='ltr'><strong>«praesidio</strong></span> 
     </span>
     <span class='ocr_line' id='line_1_8' title="bbox 159 913 1335 998; baseline -0.001 -18"><span class='ocrx_word' id='word_1_49' title='bbox 159 916 369 998; x_wconf 88' lang='lat' dir='ltr'><strong>pastillorum,</strong></span> <span class='ocrx_word' id='word_1_50' title='bbox 394 915 482 995; x_wconf 91' lang='lat' dir='ltr'><strong>quod</strong></span> <span class='ocrx_word' id='word_1_51' title='bbox 505 914 657 976; x_wconf 87' lang='lat' dir='ltr'><strong>utebatur</strong></span> <span class='ocrx_word' id='word_1_52' title='bbox 679 913 866 995; x_wconf 70' lang='lat' dir='ltr'><strong>Augustus»¹</strong></span> <span class='ocrx_word' id='word_1_53' title='bbox 892 915 973 978; x_wconf 93' lang='lat' dir='ltr'><strong>haec</strong></span> <span class='ocrx_word' id='word_1_54' title='bbox 998 916 1134 977; x_wconf 90' lang='lat' dir='ltr'><strong>dicenda</strong></span> <span class='ocrx_word' id='word_1_55' title='bbox 1157 917 1250 977; x_wconf 55' lang='lat' dir='ltr'><strong>sunt(</strong></span> <span class='ocrx_word' id='word_1_56' title='bbox 1280 915 1335 979; x_wconf 89' lang='lat' dir='ltr'><strong>Ab</strong></span> 
     </span>
     <span class='ocr_line' id='line_1_9' title="bbox 160 1022 1337 1105; baseline -0.001 -18"><span class='ocrx_word' id='word_1_57' title='bbox 160 1029 270 1104; x_wconf 88' lang='lat' dir='ltr'><strong>inepto</strong></span> <span class='ocrx_word' id='word_1_58' title='bbox 294 1022 504 1102; x_wconf 85' lang='lat' dir='ltr'><strong>compilatore</strong></span> <span class='ocrx_word' id='word_1_59' title='bbox 529 1023 660 1102; x_wconf 91' lang='lat' dir='ltr'><strong>quidem</strong></span> <span class='ocrx_word' id='word_1_60' title='bbox 684 1024 714 1083; x_wconf 95' lang='lat' dir='ltr'><strong>in</strong></span> <span class='ocrx_word' id='word_1_61' title='bbox 736 1024 848 1085; x_wconf 92' lang='lat' dir='ltr'><strong>codice</strong></span> <span class='ocrx_word' id='word_1_62' title='bbox 872 1023 924 1085; x_wconf 92' lang='lat' dir='ltr'><strong>vel</strong></span> <span class='ocrx_word' id='word_1_63' title='bbox 949 1026 979 1084; x_wconf 91' lang='lat' dir='ltr'><strong>in</strong></span> <span class='ocrx_word' id='word_1_64' title='bbox 1004 1023 1177 1101; x_wconf 92' lang='lat' dir='ltr'><strong>codicibus,</strong></span> <span class='ocrx_word' id='word_1_65' title='bbox 1202 1044 1245 1085; x_wconf 87' lang='lat' dir='ltr'><strong>ex</strong></span> <span class='ocrx_word' id='word_1_66' title='bbox 1269 1027 1337 1105; x_wconf 94' lang='lat' dir='ltr'><strong>qui·</strong></span> 
     </span>
     <span class='ocr_line' id='line_1_10' title="bbox 161 1113 1336 1210; baseline 0.001 -17"><span class='ocrx_word' id='word_1_67' title='bbox 161 1133 219 1194; x_wconf 91' lang='lat' dir='ltr'><strong>bus</strong></span> <span class='ocrx_word' id='word_1_68' title='bbox 243 1131 357 1193; x_wconf 90' lang='lat' dir='ltr'><strong>hausta</strong></span> <span class='ocrx_word' id='word_1_69' title='bbox 380 1138 429 1192; x_wconf 92' lang='lat' dir='ltr'><strong>est</strong></span> <span class='ocrx_word' id='word_1_70' title='bbox 446 1129 586 1210; x_wconf 87' lang='lat' dir='ltr'><strong>vulgata,</strong></span> <span class='ocrx_word' id='word_1_71' title='bbox 600 1129 687 1201; x_wconf 71' lang='lat' dir='ltr'><strong>illud</strong></span> <span class='ocrx_word' id='word_1_72' title='bbox 703 1132 879 1193; x_wconf 89' lang='lat' dir='ltr'><strong>remedium</strong></span> <span class='ocrx_word' id='word_1_73' title='bbox 897 1130 1017 1193; x_wconf 81' lang='lat' dir='ltr'><strong>herbae</strong></span> <span class='ocrx_word' id='word_1_74' title='bbox 1031 1113 1206 1192; x_wconf 69' lang='lat' dir='ltr'><strong>¹basiliscae</strong></span> <span class='ocrx_word' id='word_1_75' title='bbox 1230 1133 1336 1194; x_wconf 91' lang='lat' dir='ltr'><strong>adiec-</strong></span> 
     </span>
     <span class='ocr_line' id='line_1_11' title="bbox 161 1227 1337 1320; baseline 0.001 -20"><span class='ocrx_word' id='word_1_76' title='bbox 161 1248 227 1300; x_wconf 88' lang='lat' dir='ltr'><strong>tum</strong></span> <span class='ocrx_word' id='word_1_77' title='bbox 251 1259 340 1308; x_wconf 80' lang='lat' dir='ltr'><strong>esse,</strong></span> <span class='ocrx_word' id='word_1_78' title='bbox 355 1258 418 1299; x_wconf 94' lang='lat' dir='ltr'><strong>non</strong></span> <span class='ocrx_word' id='word_1_79' title='bbox 451 1257 577 1318; x_wconf 83' lang='lat' dir='ltr'><strong>negem.</strong></span> <span class='ocrx_word' id='word_1_80' title='bbox 624 1235 692 1300; x_wconf 85' lang='lat' dir='ltr'><strong>Sed</strong></span> <span class='ocrx_word' id='word_1_81' title='bbox 727 1240 790 1300; x_wconf 89' lang='lat' dir='ltr'><strong>iam</strong></span> <span class='ocrx_word' id='word_1_82' title='bbox 823 1259 986 1319; x_wconf 82' lang='lat' dir='ltr'><strong>quaeram,</strong></span> <span class='ocrx_word' id='word_1_83' title='bbox 1011 1260 1076 1320; x_wconf 94' lang='lat' dir='ltr'><strong>quo</strong></span> <span class='ocrx_word' id='word_1_84' title='bbox 1101 1238 1174 1300; x_wconf 89' lang='lat' dir='ltr'><strong>loco</strong></span> <span class='ocrx_word' id='word_1_85' title='bbox 1199 1227 1337 1301; x_wconf 83' lang='lat' dir='ltr'><strong>herbarii</strong></span> 
     </span>
     <span class='ocr_line' id='line_1_12' title="bbox 160 1347 1339 1427; baseline -0.001 -19"><span class='ocrx_word' id='word_1_86' title='bbox 160 1348 235 1410; x_wconf 92' lang='lat' dir='ltr'><strong>illud</strong></span> <span class='ocrx_word' id='word_1_87' title='bbox 260 1347 460 1426; x_wconf 79' lang='lat' dir='ltr'><strong>medicamen</strong></span> <span class='ocrx_word' id='word_1_88' title='bbox 485 1366 548 1407; x_wconf 90' lang='lat' dir='ltr'><strong>non</strong></span> <span class='ocrx_word' id='word_1_89' title='bbox 572 1347 612 1408; x_wconf 93' lang='lat' dir='ltr'><strong>sit</strong></span> <span class='ocrx_word' id='word_1_90' title='bbox 636 1348 791 1426; x_wconf 87' lang='lat' dir='ltr'><strong>ineptum.</strong></span> <span class='ocrx_word' id='word_1_91' title='bbox 838 1347 999 1427; x_wconf 90' lang='lat' dir='ltr'><strong>Equidem</strong></span> <span class='ocrx_word' id='word_1_92' title='bbox 1033 1367 1085 1408; x_wconf 91' lang='lat' dir='ltr'><strong>me</strong></span> <span class='ocrx_word' id='word_1_93' title='bbox 1119 1348 1239 1408; x_wconf 89' lang='lat' dir='ltr'><strong>nescire</strong></span> <span class='ocrx_word' id='word_1_94' title='bbox 1264 1368 1339 1409; x_wconf 92' lang='lat' dir='ltr'><strong>con-</strong></span> 
     </span>
     <span class='ocr_line' id='line_1_13' title="bbox 159 1454 1339 1535; baseline 0 -19"><span class='ocrx_word' id='word_1_95' title='bbox 159 1455 254 1516; x_wconf 86' lang='lat' dir='ltr'><strong>fiteor</strong></span> <span class='ocrx_word' id='word_1_96' title='bbox 278 1454 386 1516; x_wconf 92' lang='lat' dir='ltr'><strong>locum</strong></span> <span class='ocrx_word' id='word_1_97' title='bbox 410 1454 575 1515; x_wconf 91' lang='lat' dir='ltr'><strong>idoneum.</strong></span> <span class='ocrx_word' id='word_1_98' title='bbox 622 1454 735 1534; x_wconf 91' lang='lat' dir='ltr'><strong>Itaque</strong></span> <span class='ocrx_word' id='word_1_99' title='bbox 764 1475 880 1517; x_wconf 89' lang='lat' dir='ltr'><strong>censeo</strong></span> <span class='ocrx_word' id='word_1_100' title='bbox 906 1455 947 1516; x_wconf 92' lang='lat' dir='ltr'><strong>ab</strong></span> <span class='ocrx_word' id='word_1_101' title='bbox 970 1455 1206 1535; x_wconf 86' lang='lat' dir='ltr'><strong>interpolatore</strong></span> <span class='ocrx_word' id='word_1_102' title='bbox 1231 1454 1339 1516; x_wconf 91' lang='lat' dir='ltr'><strong>libello</strong></span> 
     </span>
     <span class='ocr_line' id='line_1_14' title="bbox 161 1561 1339 1625; baseline 0 -1"><span class='ocrx_word' id='word_1_103' title='bbox 161 1563 305 1624; x_wconf 90' lang='lat' dir='ltr'><strong>additum</strong></span> <span class='ocrx_word' id='word_1_104' title='bbox 330 1569 363 1623; x_wconf 90' lang='lat' dir='ltr'><strong>et</strong></span> <span class='ocrx_word' id='word_1_105' title='bbox 387 1581 405 1622; x_wconf 93' lang='lat' dir='ltr'><strong>a</strong></span> <span class='ocrx_word' id='word_1_106' title='bbox 431 1561 559 1623; x_wconf 91' lang='lat' dir='ltr'><strong>librario</strong></span> <span class='ocrx_word' id='word_1_107' title='bbox 586 1562 627 1622; x_wconf 95' lang='lat' dir='ltr'><strong>ad</strong></span> <span class='ocrx_word' id='word_1_108' title='bbox 650 1561 785 1624; x_wconf 89' lang='lat' dir='ltr'><strong>herbam</strong></span> <span class='ocrx_word' id='word_1_109' title='bbox 809 1562 989 1624; x_wconf 87' lang='lat' dir='ltr'><strong>basiliscam</strong></span> <span class='ocrx_word' id='word_1_110' title='bbox 1008 1561 1143 1624; x_wconf 91' lang='lat' dir='ltr'><strong>relatum</strong></span> <span class='ocrx_word' id='word_1_111' title='bbox 1160 1582 1242 1625; x_wconf 92' lang='lat' dir='ltr'><strong>esse.</strong></span> <span class='ocrx_word' id='word_1_112' title='bbox 1274 1562 1339 1624; x_wconf 90' lang='lat' dir='ltr'><strong>Ne-</strong></span> 
     </span>
    </p>
   </div>
   <div class='ocr_carea' id='block_1_4' title="bbox 160 1669 1351 2292">
    <p class='ocr_par' dir='ltr' id='par_1_4' title="bbox 160 1669 1351 2182">
     <span class='ocr_line' id='line_1_15' title="bbox 161 1669 1340 1750; baseline 0.001 -20"><span class='ocrx_word' id='word_1_113' title='bbox 161 1689 224 1750; x_wconf 89' lang='lat' dir='ltr'><strong>que</strong></span> <span class='ocrx_word' id='word_1_114' title='bbox 256 1671 450 1749; x_wconf 90' lang='lat' dir='ltr'><strong>compositio</strong></span> <span class='ocrx_word' id='word_1_115' title='bbox 487 1671 557 1750; x_wconf 93' lang='lat' dir='ltr'><strong>ipsa</strong></span> <span class='ocrx_word' id='word_1_116' title='bbox 589 1671 665 1731; x_wconf 92' lang='lat' dir='ltr'><strong>satis</strong></span> <span class='ocrx_word' id='word_1_117' title='bbox 697 1669 805 1750; x_wconf 88' lang='lat' dir='ltr'><strong>ampla</strong></span> <span class='ocrx_word' id='word_1_118' title='bbox 837 1671 1074 1747; x_wconf 86' lang='lat' dir='ltr'><strong>medicaminis,</strong></span> <span class='ocrx_word' id='word_1_119' title='bbox 1109 1670 1198 1750; x_wconf 94' lang='lat' dir='ltr'><strong>quod</strong></span> <span class='ocrx_word' id='word_1_120' title='bbox 1224 1690 1267 1730; x_wconf 89' lang='lat' dir='ltr'><strong>ex</strong></span> <span class='ocrx_word' id='word_1_121' title='bbox 1289 1678 1340 1731; x_wconf 92' lang='lat' dir='ltr'><strong>tot</strong></span> 
     </span>
     <span class='ocr_line' id='line_1_16' title="bbox 160 1777 1340 1858; baseline -0.002 -18"><span class='ocrx_word' id='word_1_122' title='bbox 160 1778 326 1840; x_wconf 91' lang='lat' dir='ltr'><strong>elementis</strong></span> <span class='ocrx_word' id='word_1_123' title='bbox 352 1777 534 1839; x_wconf 83' lang='lat' dir='ltr'><strong>coniectum</strong></span> <span class='ocrx_word' id='word_1_124' title='bbox 559 1786 616 1854; x_wconf 89' lang='lat' dir='ltr'><strong>est,</strong></span> <span class='ocrx_word' id='word_1_125' title='bbox 640 1798 679 1839; x_wconf 88' lang='lat' dir='ltr'><strong>ea</strong></span> <span class='ocrx_word' id='word_1_126' title='bbox 703 1787 762 1855; x_wconf 90' lang='lat' dir='ltr'><strong>est,</strong></span> <span class='ocrx_word' id='word_1_127' title='bbox 789 1799 874 1858; x_wconf 91' lang='lat' dir='ltr'><strong>quae</strong></span> <span class='ocrx_word' id='word_1_128' title='bbox 898 1778 1054 1840; x_wconf 90' lang='lat' dir='ltr'><strong>voluntati</strong></span> <span class='ocrx_word' id='word_1_129' title='bbox 1078 1779 1216 1840; x_wconf 89' lang='lat' dir='ltr'><strong>auctoris</strong></span> <span class='ocrx_word' id='word_1_130' title='bbox 1242 1778 1340 1840; x_wconf 91' lang='lat' dir='ltr'><strong>libelli</strong></span> 
     </span>
     <span class='ocr_line' id='line_1_17' title="bbox 161 1884 1340 1967; baseline -0.002 -19"><span class='ocrx_word' id='word_1_131' title='bbox 161 1886 369 1967; x_wconf 88' lang='lat' dir='ltr'><strong>respondeat.</strong></span> <span class='ocrx_word' id='word_1_132' title='bbox 410 1884 613 1947; x_wconf 89' lang='lat' dir='ltr'><strong>Medicamen</strong></span> <span class='ocrx_word' id='word_1_133' title='bbox 637 1887 667 1947; x_wconf 92' lang='lat' dir='ltr'><strong>in</strong></span> <span class='ocrx_word' id='word_1_134' title='bbox 693 1887 766 1956; x_wconf 79' lang='lat' dir='ltr'><strong>cod,</strong></span> <span class='ocrx_word' id='word_1_135' title='bbox 790 1885 835 1950; x_wconf 90' lang='lat' dir='ltr'><strong>M.</strong></span> <span class='ocrx_word' id='word_1_136' title='bbox 860 1889 1019 1966; x_wconf 85' lang='lat' dir='ltr'><strong>integrum</strong></span> <span class='ocrx_word' id='word_1_137' title='bbox 1043 1907 1106 1948; x_wconf 91' lang='lat' dir='ltr'><strong>non</strong></span> <span class='ocrx_word' id='word_1_138' title='bbox 1131 1894 1238 1948; x_wconf 89' lang='lat' dir='ltr'><strong>restat.</strong></span> <span class='ocrx_word' id='word_1_139' title='bbox 1277 1887 1340 1947; x_wconf 91' lang='lat' dir='ltr'><strong>Le-</strong></span> 
     </span>
     <span class='ocr_line' id='line_1_18' title="bbox 162 1991 1341 2074; baseline 0.003 -21"><span class='ocrx_word' id='word_1_140' title='bbox 162 1999 249 2074; x_wconf 85' lang='lat' dir='ltr'><strong>gitur</strong></span> <span class='ocrx_word' id='word_1_141' title='bbox 273 1993 357 2054; x_wconf 92' lang='lat' dir='ltr'><strong>enim</strong></span> <span class='ocrx_word' id='word_1_142' title='bbox 382 1991 446 2054; x_wconf 93' lang='lat' dir='ltr'><strong>hoc</strong></span> <span class='ocrx_word' id='word_1_143' title='bbox 470 1995 671 2056; x_wconf 90' lang='lat' dir='ltr'><strong>medicamen</strong></span> <span class='ocrx_word' id='word_1_144' title='bbox 703 1995 799 2056; x_wconf 91' lang='lat' dir='ltr'><strong>etiam</strong></span> <span class='ocrx_word' id='word_1_145' title='bbox 829 1995 859 2054; x_wconf 96' lang='lat' dir='ltr'><strong>in</strong></span> <span class='ocrx_word' id='word_1_146' title='bbox 884 1996 954 2059; x_wconf 92' lang='lat' dir='ltr'><strong>cod.</strong></span> <span class='ocrx_word' id='word_1_147' title='bbox 982 1994 1024 2064; x_wconf 81' lang='lat' dir='ltr'><strong>V,</strong></span> <span class='ocrx_word' id='word_1_148' title='bbox 1046 1992 1133 2054; x_wconf 91' lang='lat' dir='ltr'><strong>Ecce</strong></span> <span class='ocrx_word' id='word_1_149' title='bbox 1158 2003 1341 2057; x_wconf 90' lang='lat' dir='ltr'><strong>monstrosa</strong></span> 
     </span>
     <span class='ocr_line' id='line_1_19' title="bbox 161 2101 1351 2182; baseline -0.001 -19"><span class='ocrx_word' id='word_1_150' title='bbox 161 2101 367 2182; x_wconf 79' lang='lat' dir='ltr'><strong>compositio</strong></span> <span class='ocrx_word' id='word_1_151' title='bbox 1350 2175 1351 2179; x_wconf 7' lang='grc' dir='ltr'><strong>Ἰ</strong></span> 
     </span>
    </p>

    <p class='ocr_par' dir='ltr' id='par_1_5' title="bbox 268 2208 1340 2292">
     <span class='ocr_line' id='line_1_20' title="bbox 268 2208 1340 2292; baseline 0.002 -23"><span class='ocrx_word' id='word_1_152' title='bbox 268 2208 355 2270; x_wconf 86' lang='lat' dir='ltr'><strong>lnter</strong></span> <span class='ocrx_word' id='word_1_153' title='bbox 380 2208 523 2285; x_wconf 78' lang='lat' dir='ltr'><strong>„feniculi</strong></span> <span class='ocrx_word' id='word_1_154' title='bbox 547 2214 675 2270; x_wconf 88' lang='lat' dir='ltr'><strong>semen“</strong></span> <span class='ocrx_word' id='word_1_155' title='bbox 704 2218 737 2271; x_wconf 91' lang='lat' dir='ltr'><strong>et</strong></span> <span class='ocrx_word' id='word_1_156' title='bbox 768 2212 904 2290; x_wconf 91' lang='lat' dir='ltr'><strong>„cymini</strong></span> <span class='ocrx_word' id='word_1_157' title='bbox 927 2210 1101 2273; x_wconf 88' lang='lat' dir='ltr'><strong>Thebaici“</strong></span> <span class='ocrx_word' id='word_1_158' title='bbox 1125 2214 1265 2292; x_wconf 89' lang='lat' dir='ltr'><strong>positum</strong></span> <span class='ocrx_word' id='word_1_159' title='bbox 1291 2218 1340 2272; x_wconf 90' lang='lat' dir='ltr'><strong>est</strong></span> 
     </span>
    </p>
   </div>
   <div class='ocr_carea' id='block_1_5' title="bbox 159 2316 1339 3158">
    <p class='ocr_par' dir='ltr' id='par_1_6' title="bbox 159 2316 1339 2716">
     <span class='ocr_line' id='line_1_21' title="bbox 161 2316 1338 2398; baseline 0.003 -22"><span class='ocrx_word' id='word_1_160' title='bbox 161 2318 331 2396; x_wconf 89' lang='lat' dir='ltr'><strong>„gummini</strong></span> <span class='ocrx_word' id='word_1_161' title='bbox 364 2317 457 2377; x_wconf 89' lang='lat' dir='ltr'><strong>unci“</strong></span> <span class='ocrx_word' id='word_1_162' title='bbox 494 2316 565 2397; x_wconf 82' lang='lat' dir='ltr'><strong>(pro</strong></span> <span class='ocrx_word' id='word_1_163' title='bbox 597 2319 786 2397; x_wconf 82' lang='lat' dir='ltr'><strong>‚gummini“</strong></span> <span class='ocrx_word' id='word_1_164' title='bbox 816 2318 996 2398; x_wconf 85' lang='lat' dir='ltr'><strong>praeferam</strong></span> <span class='ocrx_word' id='word_1_165' title='bbox 1020 2321 1225 2398; x_wconf 89' lang='lat' dir='ltr'><strong>„gumminis“</strong></span> <span class='ocrx_word' id='word_1_166' title='bbox 1250 2319 1338 2389; x_wconf 70' lang='lat' dir='ltr'><strong>conf.</strong></span> 
     </span>
     <span class='ocr_line' id='line_1_22' title="bbox 159 2424 1337 2507; baseline 0.004 -23"><span class='ocrx_word' id='word_1_167' title='bbox 159 2424 278 2486; x_wconf 88' lang='lat' dir='ltr'><strong>Pallad.</strong></span> <span class='ocrx_word' id='word_1_168' title='bbox 320 2440 366 2502; x_wconf 90' lang='lat'><strong>12,</strong></span> <span class='ocrx_word' id='word_1_169' title='bbox 402 2438 430 2504; x_wconf 91' lang='lat'><strong>7,</strong></span> <span class='ocrx_word' id='word_1_170' title='bbox 469 2441 517 2502; x_wconf 84' lang='lat'><strong>15.</strong></span> <span class='ocrx_word' id='word_1_171' title='bbox 541 2425 619 2487; x_wconf 91' lang='lat' dir='ltr'><strong>Post</strong></span> <span class='ocrx_word' id='word_1_172' title='bbox 651 2427 788 2506; x_wconf 77' lang='lat' dir='ltr'><strong>„piperis</strong></span> <span class='ocrx_word' id='word_1_173' title='bbox 822 2427 920 2506; x_wconf 87' lang='lat' dir='ltr'><strong>nigri“</strong></span> <span class='ocrx_word' id='word_1_174' title='bbox 944 2426 1061 2507; x_wconf 88' lang='lat' dir='ltr'><strong>legitur</strong></span> <span class='ocrx_word' id='word_1_175' title='bbox 1095 2427 1167 2506; x_wconf 87' lang='lat'>‚‚(-</span> <span class='ocrx_word' id='word_1_176' title='bbox 1191 2425 1251 2488; x_wconf 93' lang='lat' dir='ltr'><strong>blis</strong></span> <span class='ocrx_word' id='word_1_177' title='bbox 1277 2427 1337 2489; x_wconf 87' lang='lat' dir='ltr'><strong>laci</strong></span> 
     </span>
     <span class='ocr_line' id='line_1_23' title="bbox 161 2528 1339 2614; baseline 0.005 -23"><span class='ocrx_word' id='word_1_178' title='bbox 161 2528 328 2612; x_wconf 89' lang='lat' dir='ltr'><strong>herbaque</strong></span> <span class='ocrx_word' id='word_1_179' title='bbox 352 2552 371 2593; x_wconf 93' lang='lat' dir='ltr'><strong>e</strong></span> <span class='ocrx_word' id='word_1_180' title='bbox 394 2531 492 2594; x_wconf 88' lang='lat' dir='ltr'><strong>salvia</strong></span> <span class='ocrx_word' id='word_1_181' title='bbox 516 2535 638 2613; x_wconf 85' lang='lat' dir='ltr'><strong>uncia)“</strong></span> <span class='ocrx_word' id='word_1_182' title='bbox 662 2563 697 2582; x_wconf 96' lang='lat'>=</span> <span class='ocrx_word' id='word_1_183' title='bbox 721 2532 906 2614; x_wconf 87' lang='lat' dir='ltr'><strong>elelisphaci</strong></span> <span class='ocrx_word' id='word_1_184' title='bbox 931 2533 1061 2611; x_wconf 89' lang='lat' dir='ltr'><strong>herbae,</strong></span> <span class='ocrx_word' id='word_1_185' title='bbox 1096 2554 1179 2614; x_wconf 91' lang='lat' dir='ltr'><strong>quae</strong></span> <span class='ocrx_word' id='word_1_186' title='bbox 1204 2544 1253 2597; x_wconf 92' lang='lat' dir='ltr'><strong>est</strong></span> <span class='ocrx_word' id='word_1_187' title='bbox 1276 2534 1339 2597; x_wconf 54' lang='lat' dir='ltr'><strong>sal*</strong></span> 
     </span>
     <span class='ocr_line' id='line_1_24' title="bbox 162 2640 437 2716; baseline 0.015 -17"><span class='ocrx_word' id='word_1_188' title='bbox 162 2640 222 2716; x_wconf 88' lang='lat' dir='ltr'><strong>via,</strong></span> <span class='ocrx_word' id='word_1_189' title='bbox 247 2641 341 2701; x_wconf 92' lang='lat' dir='ltr'><strong>uncia</strong></span> <span class='ocrx_word' id='word_1_190' title='bbox 364 2658 437 2704; x_wconf 88' lang='lat' dir='ltr'><strong>una.</strong></span> 
     </span>
    </p>

    <p class='ocr_par' dir='ltr' id='par_1_7' title="bbox 268 2745 574 2828">
     <span class='ocr_line' id='line_1_25' title="bbox 268 2745 574 2828; baseline 0 -18"><span class='ocrx_word' id='word_1_191' title='bbox 268 2745 456 2828; x_wconf 86' lang='lat' dir='ltr'><strong>Sequuntur</strong></span> <span class='ocrx_word' id='word_1_192' title='bbox 479 2747 574 2810; x_wconf 86' lang='lat' dir='ltr'><strong>haec:</strong></span> 
     </span>
    </p>

    <p class='ocr_par' dir='ltr' id='par_1_8' title="bbox 268 2857 757 2941">
     <span class='ocr_line' id='line_1_26' title="bbox 268 2857 757 2941; baseline 0.004 -24"><span class='ocrx_word' id='word_1_193' title='bbox 268 2857 384 2941; x_wconf 73' lang='lat' dir='ltr'><strong>„cassie</strong></span> <span class='ocrx_word' id='word_1_194' title='bbox 409 2857 501 2918; x_wconf 90' lang='lat' dir='ltr'><strong>uncia</strong></span> <span class='ocrx_word' id='word_1_195' title='bbox 514 2857 545 2937; x_wconf 53' lang='grc' dir='ltr'><strong>β’</strong></span> <span class='ocrx_word' id='word_1_196' title='bbox 568 2887 604 2906; x_wconf 92' lang='lat'><strong><em>=</em></strong></span> <span class='ocrx_word' id='word_1_197' title='bbox 629 2858 757 2920; x_wconf 89' lang='lat' dir='ltr'><strong>cassiae.</strong></span> 
     </span>
    </p>

    <p class='ocr_par' dir='ltr' id='par_1_9' title="bbox 269 2943 1032 3049">
     <span class='ocr_line' id='line_1_27' title="bbox 269 2943 1032 3049; baseline 0.009 -25"><span class='ocrx_word' id='word_1_198' title='bbox 269 2962 385 3040; x_wconf 88' lang='lat' dir='ltr'><strong>„bonia</strong></span> <span class='ocrx_word' id='word_1_199' title='bbox 408 2965 528 3026; x_wconf 91' lang='lat' dir='ltr'><strong>desidis</strong></span> <span class='ocrx_word' id='word_1_200' title='bbox 559 2963 623 3026; x_wconf 91' lang='lat' dir='ltr'><strong>hoc</strong></span> <span class='ocrx_word' id='word_1_201' title='bbox 641 2943 668 3025; x_wconf 62' lang='lat' dir='ltr'><strong>e</strong></span> <span class='ocrx_word' id='word_1_202' title='bbox 688 2964 790 3027; x_wconf 90' lang='lat' dir='ltr'><strong>barba</strong></span> <span class='ocrx_word' id='word_1_203' title='bbox 813 2966 894 3028; x_wconf 92' lang='lat' dir='ltr'><strong>iovis</strong></span> <span class='ocrx_word' id='word_1_204' title='bbox 920 2946 1032 3049; x_wconf 59' lang='lat' dir='ltr'><strong>unci“.</strong></span> 
     </span>
    </p>

    <p class='ocr_par' dir='ltr' id='par_1_10' title="bbox 270 3069 1177 3158">
     <span class='ocr_line' id='line_1_28' title="bbox 270 3069 1177 3158; baseline 0.007 -26"><span class='ocrx_word' id='word_1_205' title='bbox 270 3069 357 3151; x_wconf 84' lang='lat' dir='ltr'><strong>Quid</strong></span> <span class='ocrx_word' id='word_1_206' title='bbox 381 3080 466 3133; x_wconf 90' lang='lat' dir='ltr'><strong>esset</strong></span> <span class='ocrx_word' id='word_1_207' title='bbox 488 3072 604 3149; x_wconf 88' lang='lat' dir='ltr'><strong>„bonia</strong></span> <span class='ocrx_word' id='word_1_208' title='bbox 628 3073 762 3134; x_wconf 89' lang='lat' dir='ltr'><strong>desidis“</strong></span> <span class='ocrx_word' id='word_1_209' title='bbox 794 3076 966 3156; x_wconf 88' lang='lat' dir='ltr'><strong>exquirere</strong></span> <span class='ocrx_word' id='word_1_210' title='bbox 990 3096 1053 3137; x_wconf 95' lang='lat' dir='ltr'><strong>non</strong></span> <span class='ocrx_word' id='word_1_211' title='bbox 1077 3076 1177 3158; x_wconf 91' lang='lat' dir='ltr'><strong>potui.</strong></span> 
     </span>
    </p>
   </div>
   <div class='ocr_carea' id='block_1_6' title="bbox 562 3158 589 3172">
    <p class='ocr_par' dir='ltr' id='par_1_11' title="bbox 562 3158 589 3172">
     <span class='ocr_line' id='line_1_29' title="bbox 562 3158 589 3172; baseline 0 0"><span class='ocrx_word' id='word_1_212' title='bbox 562 3158 589 3172; x_wconf 58' lang='lat' dir='ltr'><strong>*V*</strong></span> 
     </span>
    </p>
   </div>
   <div class='ocr_carea' id='block_1_7' title="bbox 268 3183 1338 4119">
    <p class='ocr_par' dir='ltr' id='par_1_12' title="bbox 270 3183 802 3263">
     <span class='ocr_line' id='line_1_30' title="bbox 270 3183 802 3263; baseline 0.011 -24"><span class='ocrx_word' id='word_1_213' title='bbox 270 3198 365 3260; x_wconf 87' lang='lat' dir='ltr'><strong>„rape</strong></span> <span class='ocrx_word' id='word_1_214' title='bbox 389 3199 499 3241; x_wconf 92' lang='lat' dir='ltr'><strong>semen</strong></span> <span class='ocrx_word' id='word_1_215' title='bbox 523 3183 618 3261; x_wconf 65' lang='lat' dir='ltr'><strong>unci“</strong></span> <span class='ocrx_word' id='word_1_216' title='bbox 642 3212 678 3231; x_wconf 92' lang='lat'><strong><em>=</em></strong></span> <span class='ocrx_word' id='word_1_217' title='bbox 693 3202 802 3263; x_wconf 90' lang='lat' dir='ltr'><strong>rapae.</strong></span> 
     </span>
    </p>

    <p class='ocr_par' dir='ltr' id='par_1_13' title="bbox 269 3265 802 3369">
     <span class='ocr_line' id='line_1_31' title="bbox 269 3265 802 3369; baseline 0.008 -22"><span class='ocrx_word' id='word_1_218' title='bbox 269 3289 433 3369; x_wconf 83' lang='lat' dir='ltr'><strong>„eupatori</strong></span> <span class='ocrx_word' id='word_1_219' title='bbox 457 3265 551 3367; x_wconf 60' lang='lat' dir='ltr'><strong>unci“</strong></span> <span class='ocrx_word' id='word_1_220' title='bbox 575 3318 611 3338; x_wconf 95' lang='lat'>=</span> <span class='ocrx_word' id='word_1_221' title='bbox 634 3291 802 3369; x_wconf 84' lang='lat' dir='ltr'><strong>eupatorii.</strong></span> 
     </span>
    </p>

    <p class='ocr_par' dir='ltr' id='par_1_14' title="bbox 268 3381 1230 3472">
     <span class='ocr_line' id='line_1_32' title="bbox 268 3381 1230 3472; baseline 0 -16"><span class='ocrx_word' id='word_1_222' title='bbox 268 3395 378 3470; x_wconf 90' lang='lat' dir='ltr'><strong>„euciu</strong></span> <span class='ocrx_word' id='word_1_223' title='bbox 402 3397 526 3456; x_wconf 87' lang='lat' dir='ltr'><strong>radices</strong></span> <span class='ocrx_word' id='word_1_224' title='bbox 549 3395 613 3458; x_wconf 92' lang='lat' dir='ltr'><strong>hoc</strong></span> <span class='ocrx_word' id='word_1_225' title='bbox 637 3406 686 3458; x_wconf 93' lang='lat' dir='ltr'><strong>est</strong></span> <span class='ocrx_word' id='word_1_226' title='bbox 712 3451 719 3466; x_wconf 85' lang='grc'><strong>,</strong></span> <span class='ocrx_word' id='word_1_227' title='bbox 744 3445 752 3462; x_wconf 92' lang='grc'><strong>.</strong></span> <span class='ocrx_word' id='word_1_228' title='bbox 777 3401 804 3460; x_wconf 88' lang='grc'><strong>.“</strong></span> <span class='ocrx_word' id='word_1_229' title='bbox 827 3427 863 3448; x_wconf 90' lang='lat'><strong><em>=</em></strong></span> <span class='ocrx_word' id='word_1_230' title='bbox 887 3399 978 3460; x_wconf 89' lang='lat' dir='ltr'><strong>aizou</strong></span> <span class='ocrx_word' id='word_1_231' title='bbox 1000 3429 1037 3450; x_wconf 93' lang='lat'>=</span> <span class='ocrx_word' id='word_1_232' title='bbox 1061 3381 1230 3472; x_wconf 54' lang='lat' dir='ltr'><strong>dulcelon?</strong></span> 
     </span>
    </p>

    <p class='ocr_par' dir='ltr' id='par_1_15' title="bbox 268 3501 1338 3795">
     <span class='ocr_line' id='line_1_33' title="bbox 268 3501 1338 3584; baseline 0.005 -21"><span class='ocrx_word' id='word_1_233' title='bbox 268 3501 427 3578; x_wconf 85' lang='lat' dir='ltr'><strong>„causella</strong></span> <span class='ocrx_word' id='word_1_234' title='bbox 451 3505 561 3566; x_wconf 90' lang='lat' dir='ltr'><strong>uncia“</strong></span> <span class='ocrx_word' id='word_1_235' title='bbox 595 3534 631 3553; x_wconf 93' lang='lat'>=</span> <span class='ocrx_word' id='word_1_236' title='bbox 654 3505 849 3567; x_wconf 89' lang='lat' dir='ltr'><strong>maurellae?</strong></span> <span class='ocrx_word' id='word_1_237' title='bbox 884 3506 938 3584; x_wconf 85' lang='lat' dir='ltr'><strong>(sic</strong></span> <span class='ocrx_word' id='word_1_238' title='bbox 971 3509 1077 3569; x_wconf 89' lang='lat' dir='ltr'><strong>medio</strong></span> <span class='ocrx_word' id='word_1_239' title='bbox 1102 3528 1184 3570; x_wconf 85' lang='lat' dir='ltr'><strong>aevo</strong></span> <span class='ocrx_word' id='word_1_240' title='bbox 1209 3507 1338 3569; x_wconf 91' lang='lat' dir='ltr'><strong>diceba-</strong></span> 
     </span>
     <span class='ocr_line' id='line_1_34' title="bbox 600 3613 1338 3693; baseline 0.001 -19"><span class='ocrx_word' id='word_1_241' title='bbox 600 3621 667 3688; x_wconf 92' lang='lat' dir='ltr'><strong>tur,</strong></span> <span class='ocrx_word' id='word_1_242' title='bbox 703 3633 786 3674; x_wconf 92' lang='lat' dir='ltr'><strong>nunc</strong></span> <span class='ocrx_word' id='word_1_243' title='bbox 822 3613 1041 3693; x_wconf 89' lang='lat' dir='ltr'><strong>scrophalaria</strong></span> <span class='ocrx_word' id='word_1_244' title='bbox 1076 3616 1202 3677; x_wconf 88' lang='lat' dir='ltr'><strong>nodosa</strong></span> <span class='ocrx_word' id='word_1_245' title='bbox 1238 3617 1338 3677; x_wconf 94' lang='lat' dir='ltr'><strong>nomi-</strong></span> 
     </span>
     <span class='ocr_line' id='line_1_35' title="bbox 600 3721 715 3795; baseline 0.009 -14"><span class='ocrx_word' id='word_1_246' title='bbox 600 3721 715 3795; x_wconf 86' lang='lat' dir='ltr'><strong>natur).</strong></span> 
     </span>
    </p>

    <p class='ocr_par' dir='ltr' id='par_1_16' title="bbox 268 3827 801 3909">
     <span class='ocr_line' id='line_1_36' title="bbox 268 3827 801 3909; baseline 0.009 -23"><span class='ocrx_word' id='word_1_247' title='bbox 268 3827 395 3907; x_wconf 86' lang='lat' dir='ltr'><strong>„ciperu</strong></span> <span class='ocrx_word' id='word_1_248' title='bbox 418 3829 599 3890; x_wconf 89' lang='lat' dir='ltr'><strong>semuncia“</strong></span> <span class='ocrx_word' id='word_1_249' title='bbox 622 3858 658 3878; x_wconf 96' lang='lat'><strong><em>=</em></strong></span> <span class='ocrx_word' id='word_1_250' title='bbox 681 3831 801 3909; x_wconf 89' lang='lat' dir='ltr'><strong>cyperi.</strong></span> 
     </span>
    </p>

    <p class='ocr_par' dir='ltr' id='par_1_17' title="bbox 270 3934 610 4010">
     <span class='ocr_line' id='line_1_37' title="bbox 270 3934 610 4010; baseline 0.012 -16"><span class='ocrx_word' id='word_1_251' title='bbox 270 3934 393 4010; x_wconf 85' lang='lat' dir='ltr'><strong>„trifolii</strong></span> <span class='ocrx_word' id='word_1_252' title='bbox 417 3938 610 3999; x_wconf 84' lang='lat' dir='ltr'><strong>semuncia“</strong></span> 
     </span>
    </p>

    <p class='ocr_par' dir='ltr' id='par_1_18' title="bbox 268 4045 642 4119">
     <span class='ocr_line' id='line_1_38' title="bbox 268 4045 642 4119; baseline 0.008 -15"><span class='ocrx_word' id='word_1_253' title='bbox 268 4089 284 4119; x_wconf 87' lang='lat'><strong>‚,</strong></span> <span class='ocrx_word' id='word_1_254' title='bbox 308 4045 426 4105; x_wconf 89' lang='lat' dir='ltr'><strong>amomi</strong></span> <span class='ocrx_word' id='word_1_255' title='bbox 450 4046 642 4114; x_wconf 81' lang='lat' dir='ltr'><strong>semuncia“</strong></span> 
     </span>
    </p>
   </div>
   <div class='ocr_carea' id='block_1_8' title="bbox 267 4152 854 4236">
    <p class='ocr_par' dir='ltr' id='par_1_19' title="bbox 267 4152 854 4236">
     <span class='ocr_line' id='line_1_39' title="bbox 267 4152 854 4236; baseline 0.007 -23"><span class='ocrx_word' id='word_1_256' title='bbox 267 4152 426 4232; x_wconf 83' lang='lat' dir='ltr'><strong>„serpullu</strong></span> <span class='ocrx_word' id='word_1_257' title='bbox 450 4154 631 4216; x_wconf 87' lang='lat' dir='ltr'><strong>semuncia“</strong></span> <span class='ocrx_word' id='word_1_258' title='bbox 656 4185 692 4204; x_wconf 91' lang='lat'>=</span> <span class='ocrx_word' id='word_1_259' title='bbox 714 4155 854 4236; x_wconf 87' lang='lat' dir='ltr'><strong>serpulli.</strong></span> 
     </span>
    </p>
   </div>
   <div class='ocr_carea' id='block_1_9' title="bbox 0 0 1504 4604">
    <p class='ocr_par' dir='ltr' id='par_1_20' title="bbox 0 0 1504 4604">
     <span class='ocr_line' id='line_1_40' title="bbox 0 0 1504 4604; baseline 0 0"><span class='ocrx_word' id='word_1_260' title='bbox 0 0 1504 4604; x_wconf 95' lang='lat' dir='ltr'><strong> </strong></span> 
     </span>
    </p>
   </div>
  </div>
 </body>
</html>
