3000 4604
721 154 769 245 lo

640 276 852 288 ——-——-

269 406 442 490 ‚sgenciana
464 404 643 468 semuncia“
669 433 704 453 =
727 405 906 485 gentianae.

269 514 467 593 „aristolocie
501 513 594 575 uncia
605 516 618 593 s
650 543 686 564 =
719 511 919 575 aristolociae
954 508 1019 591 (Sic
1055 509 1152 573 etiam
1186 509 1217 574 in
1252 508 1334 576 Plin-

582 619 744 684 Medicina
767 620 817 682 ed.
841 618 885 689 V.
908 618 997 680 Rose
1020 619 1173 700 scriptum
1197 622 1267 700 est).

268 738 376 808 „rutae
400 729 535 811 agrestis
558 706 649 792 uffe.“

267 857 381 915 „eruce
404 856 492 899 seme
522 816 627 915 uncl‘
651 867 686 885 =
710 854 825 900 erucae
848 854 968 905 semen,

266 927 364 1023 „cane
388 946 495 1008 radice
518 922 631 1025 uncIIt
646 974 683 995 =
706 962 828 1006 cannae
851 943 984 1007 radices·

268 1053 496 1134 „agrimmonie
527 1053 620 1116 radix
650 1053 829 1115 semuncia“
852 1082 887 1102 =
911 1051 1107 1132 agrimoniae
1139 1052 1334 1118 draconteae

587 1141 649 1222 unc
662 1162 704 1242 l.“

274 1268 393 1347 „mellis
423 1267 543 1346 Attici,
579 1277 735 1349 quantum
764 1267 888 1331 sufficit.
935 1267 1026 1330 Haec
1061 1269 1168 1331 omnia
1203 1279 1335 1332 contun-

160 1376 279 1440 duntur
309 1378 340 1438 iu
373 1396 472 1437 unum
503 1385 536 1438 et
566 1377 597 1438 in
628 1375 795 1458 pulverem
826 1374 1046 1438 mollissImum
1084 1376 1168 1456 (cod
1203 1376 1335 1459 pulvere

160 1484 356 1566 mollissimo)
381 1484 548 1546 redactum
572 1485 737 1566 reponitur
760 1485 789 1544 in
813 1483 969 1546 buxidem
991 1503 1135 1547 aeneam.
1168 1484 1337 1566 Accipitur

161 1601 269 1655 autem
303 1592 333 1653 in
367 1593 585 1673 magnitudine
610 1590 786 1660 abellanae,
834 1590 908 1653 Hoc
932 1591 1085 1671 qui-usus
1110 1591 1218 1669 fuerit,
1251 1593 1336 1654 inco-

160 1699 253 1762 lumis
277 1708 463 1781 perseverat
486 1719 588 1780 usque
613 1699 654 1761 ad
679 1697 888 1784 difinitionem
910 1703 1018 1760 suam“
1047 1697 1130 1778 (cod,
1156 1698 1337 1761 difinitionis

159 1808 258 1889 suae).
299 1806 375 1888 Ipsa
397 1827 466 1868 vox
489 1806 659 1883 ,‚difinitio“
684 1805 949 1887 interpolatorem
973 1807 1185 1888 posteriorem
1209 1806 1335 1867 indicat.

270 1915 299 1996 5)
325 1918 415 1978 Cod.
449 1920 524 1977 Lat.
550 1919 654 1976 Voss.
688 1912 726 1978 E.
765 1928 817 1991 13,
852 1925 890 1992 53
924 1912 1081 1976 foliorum.
1127 1913 1190 1975 Hic
1219 1915 1336 1990 codex,

161 2024 216 2104 qui
252 2030 285 2085 et
320 2023 388 2104 ipse
423 2023 454 2084 in
489 2019 686 2085 bibliotheca
717 2021 824 2102 Lugd,
855 2029 1016 2098 servatur,
1051 2029 1181 2102 praeter
1211 2020 1273 2083 alia
1305 2023 1335 2084 in

164 2131 246 2194 soliis
268 2146 299 2208 4,
324 2146 342 2192 2
369 2169 409 2179 -
435 2130 488 2193 rol.
518 2145 557 2206 14
587 2128 729 2192 libellum
761 2131 802 2192 de
827 2128 928 2192 herba
951 2130 1114 2192 vettonica
1138 2138 1170 2191 et
1193 2129 1336 2192 Pseudo·

160 2239 281 2321 Apulei
311 2237 494 2302 herbarium
525 2257 628 2318 usque
660 2237 702 2299 ad
735 2245 832 2318 caput
863 2236 971 2299 XXIII
1006 2237 1154 2299 editionis
1185 2236 1336 2318 vulgatae

161 2347 314 2411 continet.
360 2345 483 2409 Ultima
513 2345 613 2408 verba
647 2353 720 2407 sunt
752 2346 888 2423 „clatum
912 2365 1010 2406 unum
1034 2346 1174 2426 axungia
1197 2351 1336 2410 vetere.“

267 2453 406 2535 FIgurae
429 2452 610 2535 plantarum
634 2460 708 2514 ante
725 2451 887 2514 coloribus
902 2452 1114 2515 adumbratae
1131 2463 1336 2530 evanuerunt,

162 2570 282 2625 restant
316 2561 439 2643 effigies
466 2582 572 2644 penna
596 2580 779 2642 expressae.
825 2559 879 2621 Ex
902 2561 948 2622 eis
972 2560 1116 2642 poligoni
1139 2568 1173 2621 et
1195 2559 1336 2639 pentafili

161 2669 305 2750 imaginis
336 2669 426 2732 solae
458 2669 647 2751 imaginibus
678 2669 799 2731 codicis
830 2668 1013 2731 vetustioris
1045 2667 1093 2731 L·
1115 2665 1230 2729 similes
1253 2674 1335 2735 sunt,

160 2777 251 2840 Ante
282 2778 421 2841 diximus
452 2777 608 2840 lectiones
635 2775 728 2839 huius
752 2777 871 2840 codicis
896 2778 938 2840 ad
962 2777 1135 2838 editionem
1159 2776 1336 2855 parandam

160 2884 276 2947 nullius
307 2904 376 2946 esse
407 2886 569 2948 momenti.
617 2882 751 2962 Confer,
773 2885 886 2962 sode5‚
915 2885 1028 2966 capitis
1051 2883 1066 2945 I
1088 2881 1214 2945 titulum
1237 2896 1260 2957 4
1283 2901 1336 2943 co·

163 2993 243 3055 dicis
266 2992 306 3062 L.
330 2993 511 3056 vetustioris
535 3002 568 3056 et
591 2993 712 3056 codicis
734 2992 774 3063 L.
798 2993 1002 3061 recentiores.

404 3099 446 3162 Lr
740 3096 745 3183 4
878 3154 882 3162 ⁸
1047 3098 1090 3161 La

228 3209 270 3270 ad
294 3206 479 3271 lacrimosos
503 3207 624 3277 oculos,
869 3208 910 3269 ad
934 3206 1119 3269 lacrimosos
1142 3203 1264 3273 oculos.

159 3314 294 3378 herbam
317 3315 514 3378 vettonicam
539 3319 692 3377 mandu·
801 3313 936 3378 herbam
951 3315 1148 3378 vettonicam
1165 3319 1337 3378 comedat

161 3432 219 3485 oet
241 3431 273 3485 et
297 3423 400 3484 aciem
428 3421 595 3484 oculorum
619 3439 693 3485 me·
801 3430 835 3485 et
858 3423 960 3484 aciem
981 3427 1177 3485 clariorem
1202 3422 1277 3484 lacit
1301 3430 1337 3482 et

306 3535 439 3592 liorem
464 3530 547 3600 lacit,
909 3535 1081 3593 lacrimas
1106 3535 1221 3607 pellit.

263 3637 334 3719 Jam
358 3636 482 3700 videbis
505 3636 606 3700 verba
630 3646 752 3701 temere
776 3646 899 3700 mutata
923 3657 1002 3702 esse.
