3000 4604
714 153 738 226 5

243 388 265 451 b
291 408 323 432 =
348 410 369 469 p
396 407 429 432 =
455 408 475 449 v
499 408 607 449 errore
631 387 757 450 librarii.
1357 470 1359 475 Ι

244 517 261 557 c
285 516 317 539 =
343 496 383 557 ch
408 516 440 539 =
465 517 488 576 y
512 514 544 538 =
570 515 613 575 qu
639 496 765 575 (cocere
780 494 1156 576 =coquereSeelmann
1172 518 1204 576 p.
1225 499 1310 574 350).

244 625 288 684 qu
313 624 345 647 =
370 619 388 660 κ
413 606 538 684 quiatus
562 623 594 647 =
619 605 756 684 cyathus
780 603 951 668 Seelmann
976 625 1006 684 p.
1035 616 1109 681 351,

242 721 255 773 t
281 731 313 755 =
338 710 374 773 th
398 738 404 788 3
429 712 445 773 s
464 731 496 755 =
521 711 576 792 ph.

182 875 184 877 ,
245 819 266 880 h
290 839 389 899 saepe
412 820 594 901 neglegitur
617 841 690 882 oras
714 840 747 864 =
772 820 868 883 horas
892 818 1064 883 Seelmann
1088 841 1121 900 p,
1147 820 1220 888 262,
1314 861 1315 864 ¹

244 927 425 1004 hadditur,
458 927 512 989 ubi
542 948 607 989 non
641 931 881 1009 exspectaveris
914 927 1003 989 velut
1035 930 1065 988 in
1096 925 1250 989 «hortos»
1278 929 1310 970 '=

142 1045 228 1096 ortus
251 1032 422 1097 Seelrnann
448 1056 523 1116 pag.
550 1037 623 1114 265.

221 1144 251 1223 2)
278 1146 405 1206 Codex
428 1149 731 1207 vratislaviensis
755 1143 797 1204 Ill
821 1145 848 1205 F
877 1160 915 1224 19
938 1164 1023 1211 saec,
1047 1142 1094 1204 IX
1117 1142 1168 1204 vel
1194 1142 1234 1206 X.

242 1250 303 1310 Hic
328 1253 470 1312 continet
499 1252 557 1312 118
583 1251 673 1327 folia,
698 1272 836 1331 quorum
865 1267 990 1328 1-113
1014 1252 1153 1331 integra,
1188 1251 1311 1331 reliqua

135 1358 229 1419 valde
262 1367 413 1439 corrupta
443 1368 524 1420 sunt.
562 1358 744 1419 Inscribitur
776 1359 887 1420 Herba
919 1359 1094 1421 Vettonica
1127 1356 1201 1439 Qua
1232 1357 1311 1421 Sco-

136 1467 215 1547 lapis
238 1465 399 1527 Invenitur
421 1475 506 1528 tutes
530 1465 628 1528 habet
662 1467 706 1546 (Ξ
731 1466 773 1534 H.
799 1465 838 1528 V.
863 1486 961 1547 quam
985 1465 1199 1546 Aesculapius
1223 1467 1309 1526 inve-

136 1576 189 1650 nit,
213 1576 347 1637 virtutes
371 1574 491 1656 habet).
540 1573 633 1655 Quae
658 1577 761 1655 prima
784 1577 882 1636 virtus
906 1577 973 1636 eius
997 1583 1053 1636 est.

242 1682 368 1743 Deinde
391 1684 533 1762 sequitur
557 1683 664 1759 index,
687 1684 718 1743 in
743 1704 808 1763 quo
828 1682 972 1763 singulae
988 1681 1117 1763 plantae
1134 1702 1311 1762 earumque

134 1793 267 1853 virtutes
290 1800 525 1859 enumerantur,
572 1790 693 1854 Ultima
717 1800 765 1852 est
788 1810 921 1852 numero
946 1789 1085 1852 CXXXI
1109 1791 1310 1871 praescripto

26 1938 33 1944 -
136 1897 236 1960 herba
261 1899 438 1978 mandrago
464 1904 508 1978 (=
534 1899 759 1980 mandragora)
784 1895 841 1960 vir‘
877 1898 922 1977 (=
946 1900 1091 1979 virtutes)
1128 1897 1228 1961 habet
1252 1898 1309 1962 VI.

243 2007 295 2071 sol.
327 2019 360 2085 15
389 2006 513 2087 legitur.
538 2005 725 2087 Expliciunt
742 2005 899 2087 Capitula.
926 2005 1078 2087 Sequitur
1093 2006 1163 2068 Ant
1187 2005 1232 2085 (=
1256 2027 1310 2067 an-

135 2116 284 2194 tidotum)
306 2114 523 2195 justinianum.

242 2221 296 2283 sol.
326 2222 373 2284 16.
407 2221 586 2302 lppocratis
626 2220 802 2283 Mecenatis
834 2220 898 2288 vo.
933 2218 1078 2283 Salutem
1127 2241 1159 2265 =
1184 2221 1310 2302 Hippo-

136 2338 238 2391 crates
269 2330 450 2391 Maecenati
478 2327 546 2392 Suo
577 2328 724 2391 salutem.
762 2329 901 2410 (Confer.
926 2327 1054 2390 Teuffel
1079 2328 1173 2398 Rom,
1209 2329 1308 2391 Liter.

135 2438 210 2499 edit.
236 2438 356 2513 4446
383 2437 424 2499 A.
448 2439 480 2518 4)

242 2545 295 2610 fol.
322 2560 374 2612 21,
398 2544 511 2625 Incipit
534 2547 699 2626 praecatio
724 2547 865 2607 omnium
889 2542 1071 2611 herbarum.

242 2653 295 2715 sol.
323 2668 372 2714 22.
404 2669 414 2713 1
443 2653 556 2734 Incipit
590 2653 728 2734 epistula
758 2653 882 2715 Antoni
915 2652 1006 2714 llluse
1038 2653 1105 2714 sive
1137 2653 1178 2714 de
1211 2651 1312 2714 herba

136 2761 319 2838 Vettonica,
344 2770 478 2842 quantas
502 2764 635 2823 virtutes
659 2761 768 2830 habet,

242 2868 295 2932 sol.
323 2884 374 2946 23.
400 2869 594 2933 Antidotum
618 2869 792 2933 Paulinum.

241 2976 356 3054 Pauca,
381 2997 464 3057 quae
498 2978 573 3040 olim
605 2979 646 3040 de
678 2976 779 3039 herba
810 2978 973 3040 vettonica
1002 2980 1032 3038 in
1058 2980 1170 3041 codice
1193 2977 1312 3057 scripta

137 3092 236 3160 erant,
260 3105 343 3146 nunc
367 3086 489 3155 desunt,
526 3087 639 3168 lncipit
663 3088 746 3147 enim
771 3107 789 3148 a
813 3087 918 3167 capite
942 3086 964 3163 I,
995 3104 1005 3147 1
1035 3137 1041 3149 .
1066 3138 1072 3151 .
1097 3138 1104 3151 .
1131 3086 1311 3148 «efficacius

137 3203 218 3265 etc»

243 3303 297 3366 sol.
324 3305 375 3367 28.
424 3302 517 3364 Vires
549 3301 722 3364 herbarum
755 3311 787 3363 et
819 3301 935 3364 herbas
967 3305 1163 3384 incipiamus
1210 3301 1310 3363 Aliud

135 3413 317 3475 herbarium
341 3411 461 3492 Apulei
485 3411 634 3478 Platonis.
671 3409 822 3490 Sequitur
845 3410 966 3491 Apulei
999 3413 1102 3472 oratio
1136 3413 1178 3473 ad
1210 3411 1306 3474 cives.

243 3521 297 3584 fol.
324 3521 376 3590 28,
401 3519 502 3581 herba
525 3518 689 3600 plantago¹
739 3517 902 3580 Nonnulla
929 3518 1005 3580 solia
1029 3520 1153 3580 desunt.

243 3629 296 3691 sal.
323 3627 374 3707 87.
400 3626 541 3707 explicit.

242 3737 327 3797 Turn
351 3736 467 3816 legitur
491 3736 679 3812 antidotum,
704 3736 792 3815 quod
816 3755 880 3795 non
905 3733 1025 3815 Apulei
1049 3742 1107 3803 est.

242 3844 344 3905 ludex
368 3841 460 3906 Sexti
483 3843 603 3920 Placiti,
628 3844 682 3923 qui
706 3842 811 3905 finitur
834 3843 888 3910 fol,
914 3858 967 3923 92,

243 3951 399 4014 UltImum
424 3959 521 4031 caput
546 3950 611 4030 (fol,
643 3952 713 4032 117)
739 3951 917 4012 inscribitur
944 3951 1003 4011 «de
1028 3969 1171 4010 ansere.»

243 4058 360 4122 Codex
383 4058 527 4139 perbelle
549 4060 684 4138 scriptus
708 4066 766 4120 est.
814 4059 907 4120 Duae
940 4078 1050 4119 manus
1079 4058 1308 4122 discernuntur.

137 4169 225 4252 prior
248 4167 368 4228 saeculi
393 4169 442 4236 IX
459 4167 510 4228 vel
527 4186 610 4228 saec.
631 4169 672 4244 X,
697 4165 797 4228 altera
813 4166 913 4228 multo
940 4167 1107 4242 recentior,
1131 4185 1196 4248 qua
1211 4164 1311 4227 multa
