3000 4604
122 1002 166 1110 l.
188 1002 334 1146 Quae
361 1000 598 1136 pristina
623 999 879 1110 herbarii
899 1003 1080 1112 forma
1107 1001 1296 1140 fuerit,

122 1185 178 1292 oi
216 1180 410 1314 quibus
443 1181 699 1290 derebus
727 1180 1061 1291 auotoroius
1100 1181 1296 1322 egerit,

559 1359 861 1494 quaeritur.

231 1632 323 1695 Haec
358 1633 506 1712 quaestio
541 1632 599 1693 nisi
634 1633 799 1694 codicibus
838 1632 989 1696 adhibitis
1033 1634 1197 1696 diiudicari
1236 1655 1300 1696 non

122 1749 241 1822 potest.
289 1739 402 1820 Itaque
425 1738 457 1801 hi
482 1740 611 1801 codices
637 1760 656 1800 a
680 1759 731 1800 me
758 1741 936 1820 comparati
959 1749 1048 1803 suntt

237 1904 263 1983 1)
285 1885 443 1956 Codicis
472 1884 728 2004 Monacensls
753 1900 944 1982 fragmenta,
968 1901 1063 1965 Sacc.
1083 1902 1130 1964 VI
1153 1903 1203 1964 vel
1230 1903 1301 1972 VII.

123 2011 157 2070 In
182 2009 247 2072 hoc
271 2010 384 2070 codice
412 2016 557 2069 exstant:

124 2117 202 2199 Cap.
228 2117 256 2178 II
281 2116 404 2197 (vulg.)
441 2119 475 2183 II
501 2115 632 2183 16—22
657 2124 691 2183 et
718 2116 761 2183 24
897 2117 1052 2199 plantago

444 2226 496 2290 III
522 2222 608 2289 1-3
894 2225 1148 2306 quinquefolium

445 2333 555 2398 LXVI
582 2331 599 2397 1
898 2331 1036 2412 bryonia

444 2440 571 2506 LXXV
599 2438 684 2505 1-6
899 2441 1050 2502 senecion

444 2547 590 2612 LXXVI
616 2546 633 2612 1
659 2552 694 2613 et
719 2546 739 2613 2
898 2546 975 2609 filex

446 2654 626 2720 LXXVIII
652 2652 738 2722 1—3
902 2652 1060 2734 gladiolus

450 2762 599 2827 LXXIX
625 2760 643 2827 1
904 2763 1114 2823 rosmarinum

449 2871 610 2937 LXXXV
636 2868 722 2936 I-3
900 2869 1011 2932 sabina

447 2979 665 3045 LXXXVIII
692 2976 721 3060 1,
746 2978 777 3061 3,
801 2976 822 3044 4
902 2976 1100 3039 millefolium

448 3087 632 3154 LXXXIX
661 3085 767 3154 1-13
906 3094 978 3148 ruta
1001 3082 1157 3147 hortensis

448 3194 559 3261 XCXI
582 3192 604 3260 4
909 3192 1041 3255 ebulum

448 3302 542 3369 XCII
567 3299 676 3369 l-lV
907 3300 1050 3381 puleium

449 3411 590 3476 CXXIV
616 3409 633 3475 1
660 3404 767 3492 (pars)
793 3408 813 3476 2
906 3407 1076 3470 seniculum

449 3518 572 3584 CXXV
596 3538 674 3601 pars
700 3518 791 3584 tituli
816 3517 834 3584 1
905 3514 1062 3596 eriphium

450 3625 590 3692 CXXVI
617 3625 634 3691 1
660 3632 695 3692 et
718 3624 739 3690 2
905 3623 1135 3704 petroselinum

450 3734 608 3800 CXXVII
633 3732 651 3799 1
677 3738 712 3799 et
736 3731 756 3798 2
906 3731 1047 3795 brassica

451 3841 627 3908 CXXVIII
909 3838 1067 3904 basilisca.

237 3945 376 4010 Accedit
399 3948 521 4010 initium
545 3945 666 4009 herbae
682 3947 921 4030 Mandragorae
942 3957 975 4011 et
996 3950 1188 4030 compositio
1205 3951 1305 4013 medi·

131 4057 268 4133 caminis,
292 4057 334 4118 de
359 4076 424 4137 quo
448 4076 528 4137 pag:
555 4070 573 4136 7
599 4056 752 4122 dicemus
