3014 4620
816 140 945 259 ¹2w„

253 378 318 440 sors
342 379 439 446 varia.
483 385 653 458 praeterea
676 397 791 457 parum
814 386 863 438 est
886 376 1025 458 singulas
1049 397 1159 438 earum
1183 384 1306 437 aetates
1330 377 1428 458 pingi,

253 507 326 546 cum
361 488 598 567 quadripertitis
631 485 837 547 varietatibus
869 487 941 546 anni
976 485 1091 546 faciem
1124 492 1256 546 mutent.
1305 487 1428 558 Quare

253 601 364 656 ceteri
396 612 567 656 sermone
599 611 661 654 eas
684 597 888 672 tradidere,
921 599 1036 669 aliqui
1060 612 1106 654 ne
1131 597 1248 668 effigie
1273 598 1427 669 quidem

207 684 214 695 ⁴
253 706 414 763 indicata
427 711 462 763 et
475 705 584 763 nudis
597 705 818 778 plerumque
832 707 1045 763 nominibus
1059 705 1232 776 defuncti,
1247 705 1426 783 quoniam

249 815 338 871 satis
362 814 549 872 vitehatur
572 815 772 885 potestates
796 814 948 884 vimque
973 811 1229 869 demonstrare
1247 824 1426 883 quaerere

246 922 490 981 volentibus»
528 915 579 976 De
602 920 722 978 tribus
738 915 834 994 igitur
850 914 1021 994 generibus
1037 913 1178 994 loquitur
1194 912 1426 990 herbariorum,

247 1023 362 1102 quibus
398 1024 540 1084 remedia
575 1022 793 1090 tradebantur,
852 1026 1018 1083 Primum
1053 1039 1168 1097 genus
1200 1021 1324 1101 effigies
1355 1021 1426 1082 her-

246 1130 359 1191 barum
384 1132 486 1210 pictas
511 1111 647 1210 praebet
670 1130 855 1210 subscriptis
873 1130 1029 1206 remediis
1053 1138 1167 1190 utnon
1185 1149 1332 1190 sermone
1351 1128 1422 1190 her·

246 1238 360 1299 barum
384 1237 507 1298 formae
532 1246 783 1318 exponerentur,
830 1237 864 1298 In
889 1242 1052 1299 secundo
1077 1254 1210 1312 genere
1234 1236 1425 1316 imaginibus

246 1366 309 1406 non
341 1346 434 1424 pictis
465 1345 570 1406 verbis
604 1344 725 1406 herbae
759 1345 1024 1406 describebantur
1049 1345 1197 1405 remediis
1221 1343 1424 1424 subscriptis,

246 1458 410 1515 Tertium
443 1454 582 1532 denique
614 1472 728 1529 genus
757 1473 862 1532 neque
887 1449 1004 1532 figuras
1027 1453 1129 1532 pictas
1153 1472 1258 1531 neque
1284 1452 1425 1532 descrip-

173 1541 177 1549 ’
246 1560 351 1620 tiones
383 1561 441 1622 sed
472 1562 601 1621 nomina
628 1560 698 1622 sola
721 1559 864 1622 habebat
889 1560 1037 1621 remediis
1060 1559 1259 1639 subscriptis
1306 1558 1426 1622 Utrum

247 1668 277 1726 in
309 1666 373 1728 hoc
407 1687 526 1748 genere
558 1666 679 1729 herbae
711 1688 775 1728 uno
799 1668 1070 1728 nomineusitato
1095 1687 1135 1726 an
1159 1665 1303 1746 pluribus
1327 1687 1425 1746 syno·
1488 1645 1492 1651 ι

246 1776 351 1853 nymis
384 1775 541 1836 indicatae
575 1775 705 1852 suerint,
737 1777 793 1837 vix
816 1777 953 1837 discerni
977 1783 1094 1856 potest.
1142 1773 1322 1836 Verisimile
1346 1795 1425 1835 sane

246 1890 311 1958 est,
346 1885 474 1944 nomine
508 1886 640 1965 proprio
672 1883 864 1964 significatas
896 1884 1006 1958 luisse;
1042 1884 1085 1945 ob
1116 1903 1187 1944 eam
1218 1902 1301 1958 rem,
1334 1884 1425 1962 quod

247 1989 364 2052 Plinius
388 1992 494 2053 addit:
523 1993 695 2071 «quoniam
718 1992 793 2052 satis
816 1992 987 2053 videbatur
1011 1999 1190 2072 potestates
1213 1992 1343 2070 vimque
1369 1991 1425 2051 de-

246 2107 425 2161 monstrare
463 2120 620 2179 quaerere
646 2098 858 2167 volentibus.»
907 2098 941 2162 Si
966 2101 1036 2181 quis
1060 2099 1166 2160 locum
1190 2099 1366 2160 Plinianum
1392 2109 1426 2160 et

246 2205 429 2268 herbarium
445 2206 566 2286 Apulei
591 2209 840 2288 comparaverit,
864 2209 932 2270 sine
958 2208 1056 2270 dubio
1074 2207 1271 2269 existimabit
1289 2205 1425 2267 Plinium

244 2313 310 2374 tale
342 2314 408 2376 sere
441 2313 625 2376 herbarium
657 2317 686 2376 in
717 2317 822 2377 animo
846 2315 1012 2392 habuisse,
1044 2315 1139 2395 quale
1163 2314 1226 2376 lroc
1250 2322 1310 2384 est.
1356 2311 1424 2376 Sed

248 2424 429 2502 quaeritur,
463 2424 513 2483 cui
545 2443 588 2484 ex
612 2422 670 2485 illis
695 2424 865 2504 generibus
889 2424 989 2485 tribus
1013 2422 1076 2485 hoc
1101 2423 1347 2484 adscribendum
1371 2423 1422 2484 sit.

245 2514 449 2592 Herbarium’
464 2531 611 2592 editionis
633 2530 784 2611 vulgatae
808 2531 937 2592 alterius
956 2533 1081 2612 generis
1098 2551 1168 2592 esse
1184 2532 1310 2592 videtur
1326 2551 1424 2609 syno-

248 2637 354 2716 nymis
378 2638 505 2705 additis,
550 2637 710 2699 Herbario
736 2639 855 2700 codicis
878 2639 910 2700 V
934 2647 1192 2720 repraesentatur
1215 2639 1343 2699 tertium
1368 2656 1425 2717 ge·

246 2765 304 2804 nus
339 2746 528 2824 synonymis
561 2746 702 2809 adiectis,
752 2744 878 2808 Codicis
913 2746 1115 2808 Monacensis
1143 2745 1301 2826 Apuleius
1338 2746 1423 2805 tertii

246 2853 372 2932 generis
405 2861 461 2915 est.
510 2852 669 2916 Herbaria
704 2855 852 2916 codicum
885 2855 913 2915 L
946 2864 979 2917 et
1014 2853 1039 2916 C
1071 2856 1163 2935 primi
1197 2855 1322 2934 generis
1351 2862 1423 2914 sunt

245 2960 413 3040 adscriptis
436 2961 633 3039 synonymis.

351 3066 403 3129 Ac
427 3069 565 3147 primum
589 3088 674 3148 nego
698 3089 890 3149 synonyma,
919 3071 976 3131 etsi
1010 3071 1039 3131 in
1073 3071 1186 3132 codice
1210 3071 1422 3131 vetustissimo

203 3187 206 3192 '
245 3173 403 3254 leguntur,
427 3197 446 3236 a
470 3177 574 3256 primo
599 3175 695 3238 libelli
720 3185 852 3239 auctore
876 3179 996 3258 scripta
1020 3179 1126 3247 luisse,
1165 3179 1313 3241 Vidimus
1338 3180 1422 3239 enim

244 3303 340 3362 supra
371 3283 412 3344 ab
444 3283 498 3345 illo
523 3283 665 3346 libellum
689 3286 719 3345 in
751 3306 843 3346 usum
867 3305 1070 3347 communem
1095 3288 1237 3348 omnium
1261 3288 1421 3366 composi·

245 3399 314 3451 turn
339 3411 418 3452 esse.
468 3389 555 3471 Quid
579 3401 687 3454 autern
712 3393 893 3455 hominibus
930 3392 1097 3456 herbariae
1122 3395 1263 3474 inperitis
1288 3395 1422 3475 prodest

245 3496 418 3560 herbarum
443 3503 571 3562 nomina
587 3500 828 3582 Aegyptiorum
853 3500 904 3562 vel
924 3502 1089 3563 Dacorum
1112 3504 1213 3565 scire?
1249 3502 1284 3563 ln
1309 3503 1422 3563 codice

245 3614 372 3668 vetusto
396 3607 432 3669 M
454 3629 637 3689 synonyma
661 3612 785 3679 desunt,
825 3611 860 3672 ln
887 3631 926 3673 eo
952 3611 1035 3671 enirn
1060 3611 1146 3672 initia
1170 3610 1282 3672 harum
1307 3610 1421 3672 herba·

246 3734 315 3774 rum
339 3717 456 3777 tradita
479 3726 565 3779 sunt:
600 3717 644 3778 lll
674 3718 787 3798 Incipit
816 3719 1078 3800 quinquefolium,
1126 3719 1182 3781 Ad
1207 3721 1283 3780 vitia
1307 3720 1420 3780 articu-

246 3818 349 3881 lorum
373 3832 432 3886 etc.

352 3934 474 4000 LXVI.
512 3933 641 3995 Nomen
665 3931 785 3995 herbae
809 3935 975 4016 bryoniae.
1011 3935 1066 3998 Ad
1091 3936 1243 4016 splenem.
1278 3936 1422 4004 LXXV.

245 4038 357 4118 Incipit
382 4060 499 4101 nomen
524 4039 645 4103 herbae
669 4043 857 4110 senecionis.
894 4042 949 4106 Ad
975 4044 1086 4105 vulnus
1104 4053 1163 4108 etc.
1199 4044 1290 4105 Haec
1315 4046 1421 4124 capita

248 4145 396 4226 leguntur
420 4147 517 4208 etiarn
541 4149 571 4208 in
596 4150 709 4210 codice
733 4150 770 4214 L.
796 4150 850 4212 ubi
868 4150 968 4212 multa
990 4172 1171 4232 synonyma
1189 4152 1315 4213 adiecta
1337 4160 1420 4214 sunt.
