3000 4604
365 871 432 981 ΙΙ.
470 868 551 980 Do
588 867 830 980 fontibus
868 868 1130 984 herbarii.

271 1073 448 1152 Postquam
479 1071 569 1132 cuius
601 1072 726 1152 generis
750 1071 861 1134 luisset
899 1070 1083 1134 herbarium
1119 1073 1337 1152 exposuimus,

165 1183 228 1244 iam
252 1181 294 1243 ad
318 1199 385 1241 rem
410 1177 628 1241 difficillimam
652 1180 887 1260 adgrediamur,
913 1199 996 1260 quae
1013 1188 1083 1242 tota
1100 1180 1129 1240 in
1146 1180 1337 1240 coniecturis

163 1289 269 1369 posita
293 1296 349 1351 est.
386 1285 559 1369 Quaeritur
579 1288 673 1364 enim,
697 1308 762 1367 quo
779 1308 822 1349 ex
841 1287 929 1349 sonte
945 1296 1058 1349 auctor
1074 1285 1171 1348 libelli
1188 1284 1337 1348 hauserit.

271 1394 384 1475 Atque
414 1396 445 1456 in
478 1393 587 1457 libello
622 1396 691 1475 ipso
726 1404 856 1475 praeter
879 1394 1074 1471 Homerum,
1107 1396 1160 1475 qui
1192 1396 1222 1455 in
1246 1402 1337 1473 parte

162 1502 330 1565 subditicia
353 1503 467 1583 capitis
491 1504 607 1571 XLIX
638 1504 769 1579 citatur,
802 1501 915 1564 nullius
947 1504 1025 1564 certi
1057 1503 1195 1564 auctoris
1219 1503 1338 1585 mentio

163 1610 248 1672 lacta
272 1619 331 1679 est.
357 1609 520 1672 Auctores
555 1611 685 1690 quidem
721 1609 891 1672 laudantur
926 1611 1036 1671 incerti
1071 1609 1250 1671 nominibus
1275 1629 1338 1670 non

162 1719 338 1798 adscriptis,
385 1717 487 1780 Velut
526 1719 557 1779 in
597 1738 669 1798 cap.
710 1720 767 1787 IV,
813 1718 831 1778 8
872 1725 976 1779 certus
1022 1726 1136 1779 auctor
1182 1718 1338 1794 adfirmat,

162 1828 357 1894 XXXVIII.
388 1842 413 1889 1.
439 1827 506 1887 eius
529 1825 651 1888 herbae
680 1827 938 1907 experimentum
962 1834 1091 1887 autores
1114 1824 1221 1906 plures
1245 1825 1337 1887 adfir-

161 1943 259 1999 mant.
306 1937 431 2012 LXXI,
456 1950 473 1995 2
500 1943 629 1996 autores
658 1933 836 1996 adfirmant.
883 1933 937 1994 Ex
961 1931 1009 1995 his
1033 1942 1141 1995 autem
1165 1933 1270 1995 verbis
1294 1936 1337 1995 ni-

160 2039 204 2103 hil
228 2043 307 2104 certi
331 2043 480 2104 conicere
503 2062 680 2123 possumus,
706 2043 894 2122 praesertim
918 2061 991 2102 cum
1011 2061 1109 2122 saepe
1134 2040 1266 2102 dubium
1289 2042 1337 2117 sit,

161 2158 267 2211 utrum
291 2150 343 2212 illa
366 2149 467 2212 verba
491 2149 587 2212 libelli
621 2151 760 2213 auctoris
783 2152 845 2211 sint
876 2170 916 2210 an
940 2149 982 2211 ab
1006 2148 1086 2234 alio
1118 2149 1172 2229 qui
1196 2149 1338 2210 remedia

161 2276 234 2318 cum
257 2256 346 2319 bono
371 2267 488 2320 eventu
453 2256 711 2334 tadhibuerat‚
735 2259 866 2320 adiecta
899 2258 969 2319 sint
947 2256 1099 2320 tlllud
1133 2255 1259 2338 «plures
1283 2277 1337 2317 au-

160 2373 268 2426 tores»
295 2373 412 2443 autem,
436 2367 462 2428 si
486 2368 606 2448 primus
629 2374 743 2428 auctor
764 2367 897 2446 scripsit,
926 2386 966 2427 ne
990 2367 1022 2428 id
1055 2367 1186 2446 quidem
1210 2366 1336 2442 indicat,

161 2470 249 2533 illum
272 2472 379 2554 plures
403 2481 551 2536 auctores
574 2474 752 2551 adscivisse,
777 2474 899 2554 quippe
923 2474 977 2553 qui
1010 2474 1040 2534 in
1074 2493 1137 2534 uno
1161 2472 1243 2534 libro
1268 2472 1337 2534 illos

161 2581 303 2643 invenire
326 2582 475 2662 potuerit.

229 2696 236 2726 ²
268 2687 303 2752 Si
328 2690 369 2751 ad
393 2688 500 2751 locum
527 2688 711 2766 Plinianum,
748 2709 845 2770 quem
881 2710 978 2771 supra
1012 2690 1219 2767 laudavimus,
1256 2689 1336 2752 redi-

162 2817 239 2873 mus
264 2798 305 2859 de
329 2796 486 2877 Dionysio
519 2805 550 2860 et
581 2796 772 2860 Metrodoro
802 2797 845 2859 ibi
876 2799 1135 2860 commemoratis
1158 2796 1233 2859 nihil
1258 2798 1335 2858 certi

162 2903 329 2982 habemus,
352 2907 438 2968 unde
462 2906 503 2967 de
528 2906 616 2968 sonte
639 2904 760 2987 Apulei
791 2907 938 2969 conicere
968 2908 1145 2987 quidquam
1169 2906 1335 2986 possimus.

162 3012 214 3075 De
239 3010 372 3075 Cratera
402 3012 495 3095 plura
528 3015 646 3076 tradita
672 3022 755 3083 sunt,
801 3013 954 3094 Meyerus
988 3015 1019 3075 in
1054 3013 1075 3079 l.
1105 3034 1132 3078 c.
1167 3031 1242 3093 pag.
1271 3024 1335 3090 250

164 3119 214 3181 bis
239 3120 278 3199 58
303 3121 345 3183 de
369 3118 432 3182 hoc
456 3122 531 3202 agit.
577 3122 651 3184 Fuit
688 3131 796 3184 autem
827 3129 935 3184 aetate
958 3120 1162 3184 Mithridatis.
1209 3121 1339 3185 Praeter

97 3212 100 3217 ¹
163 3247 212 3305 ea,
249 3248 332 3309 quae
357 3227 474 3291 Plinius
498 3230 582 3307 dicit,
618 3231 771 3311 imprimis
796 3250 843 3309 ea,
880 3249 964 3311 quae
987 3229 1196 3292 Dioscorides
1220 3230 1261 3291 de
1285 3229 1339 3290 illo

162 3355 222 3416 pro
224 3335 305 3414 tulit,
329 3338 527 3418 respicienda
551 3346 634 3402 sunt
667 3338 821 3419 Legimus
845 3346 954 3399 autem
978 3338 1008 3398 in
1031 3337 1238 3417 praelationis
1262 3357 1339 3417 pat5

163 3458 180 3503 2
217 3442 315 3507 haec:
355 3428 572 3526 «Κρατεύας
619 3431 656 3502 δὲ
704 3425 722 3502 ὃ
770 3428 954 3528 ῥιζοτόμος
1007 3432 1066 3502 καὶ
1104 3426 1269 3527 Ἀνδρίας
1320 3424 1339 3500 ὃ

162 3533 300 3669 torpor,
343 3527 442 3610 οὗτοι
483 3536 552 3635 γὰρ
594 3544 753 3610 δοκοῦσιν
800 3535 1049 3635 ouptstlrocsoov
1094 3547 1164 3609 τῶν
1209 3544 1340 3609 λοιπῶν

160 3645 240 3741 περὶ
269 3655 376 3717 τοῦτο
405 3643 447 3717 τὸ
475 3673 581 3743 μεοος
614 3640 884 3773 ovsorpoipdnt,
917 3598 1045 3725 noiloic
1088 3646 1182 3742 ῥιζας
1225 3642 1339 3742 ari-xpi

163 3749 343 3833 στοτάτας
388 3754 450 3825 καί
497 3781 597 3833 τινας
644 3751 799 3846 βοτάνας
829 3748 1169 3849 ἆπαρασημειώτονς
1202 3757 1337 3825 εἴασαν.

160 3855 313 3937 Meyerus
336 3859 367 3919 in
390 3877 467 3939 pag.
493 3869 554 3936 251
589 3859 631 3920 de
662 3856 710 3918 his
741 3855 846 3918 verbis
877 3855 959 3918 haec
992 3857 1085 3919 dicit:
1122 3855 1205 3935 „tile
1230 3855 1337 3941 haben,

162 3974 251 4036 menn
274 3963 315 4050 iel]
340 3962 418 4049 redit
450 3962 597 4050 retliche,
629 3962 707 4049 uidit
739 3963 798 4034 olle
831 3962 910 4048 (scil.
937 3961 1099 4048 lihamen)
1130 3962 1254 4050 pellicia
1290 3963 1338 4036 ὕει

162 4070 321 4157 [orion.
356 4070 474 4158 otiien
498 4070 536 4155 lie
561 4091 619 4160 qur
643 4071 723 4144 letne
740 4069 1000 4158 heldicihunqen
1024 4071 1173 4157 nelielert,
1199 4073 1228 4157 Io
1254 4071 1339 4158 bitte

160 4196 193 4255 er
218 4179 255 4266 lie
279 4190 339 4254 non
365 4179 421 4253 beu
445 4178 550 4254 belhen
577 4182 808 4268 numennumen
841 4177 924 4267 (scil.
949 4179 1055 4262 &olus
1084 4185 1145 4253 aut
1170 4180 1338 4268 tiithnnien
