3000 4604
724 147 782 222 20

645 257 785 264 ———--.
792 259 856 266 ——.-

164 385 346 453 LXXVIII
367 382 535 460 invenitur,
560 383 644 444 unde
668 383 777 443 nescio
794 402 860 463 quo
885 388 983 462 pacto
1007 398 1070 439 non
1095 379 1157 438 iam
1181 376 1338 440 scribitur.

161 490 336 572 Johnsonio
360 491 523 567 assentior,
555 490 610 570 qui
633 509 705 551 eam
736 496 824 551 voce'
843 470 971 566 ὁμοίως
994 489 1232 566 interpretatur.
1272 482 1339 545 Sed

165 617 237 659 cum
260 595 302 659 'et
324 618 506 678 synonyma
530 618 549 659 a
572 599 750 678 posteriore
774 598 884 659 addita
915 597 976 657 sint
1000 604 1032 657 et
1057 592 1135 655 illud
1162 611 1336 653 «omoeos»

151 707 195 787 ,in
220 705 384 767 codicibus
407 706 624 767 vetustissimis
656 706 785 767 omnino
806 725 870 766 non
887 704 1072 777 Inveniatur,
1101 703 1143 764 ad
1168 720 1235 762 rem
1258 700 1337 761 diiu-

164 814 334 876 dicandam
358 813 413 876 illa
436 833 503 874 vox
526 814 593 874 sine
617 813 683 875 ullo
707 820 873 875 momento
898 821 955 880 est.

271 921 313 983 ad
338 922 369 1002 2)
393 920 428 982 ln
459 919 604 1001 partibus
635 921 777 1000 genuinis
810 919 908 981 libelli
938 919 1152 980 sinceritatem
1185 917 1339 977 sermonis

165 1049 228 1090 non
252 1030 297 1090 ita
313 1036 498 1108 corruptam
516 1046 584 1089 esse
601 1036 634 1089 et
650 1047 697 1104 ea,
722 1046 806 1107 quae
823 1047 842 1088 a
858 1044 1006 1088 sermone
1022 1025 1139 1087 Latino
1156 1023 1339 1091 abhorrent.

163 1137 265 1217 magis
288 1155 360 1197 cum
384 1154 532 1196 sermone
557 1132 684 1196 Graeco
709 1136 879 1196 convenire
903 1134 1115 1196 demonstrari
1138 1140 1258 1211 potest,
1301 1129 1337 1190 ln

164 1241 309 1324 partibus
332 1242 465 1304 subditis
490 1261 567 1303 sane
591 1241 683 1323 plura
707 1249 878 1304 occurrunt
901 1241 1002 1318 nobis,
1026 1260 1109 1321 quae
1132 1242 1256 1303 sincero
1273 1259 1339 1300 ser-

163 1352 249 1412 moni
280 1350 397 1413 Latino
429 1369 493 1411 non
524 1350 760 1430 respondeant,
793 1350 851 1411 sed
884 1350 961 1430 quid
992 1347 1074 1411 haec
1107 1350 1148 1411 ad
1172 1357 1339 1411 auctorem

162 1460 342 1539 pertinent?

269 1566 311 1628 ad
338 1581 353 1644 3
380 1573 413 1626 et
435 1561 472 1650 4)
497 1565 685 1645 Priusquam
707 1565 748 1626 de
764 1564 894 1646 singulis
911 1564 1006 1626 rebus
1023 1566 1231 1645 disputemus,
1255 1562 1338 1626 haec

162 1674 326 1735 monenda
348 1680 431 1734 sunt.
479 1669 513 1734 Si
538 1673 608 1752 quis
631 1669 814 1733 herbarium
839 1680 871 1733 et
894 1672 1028 1734 Plinium
1051 1672 1164 1734 leviter
1188 1673 1338 1752 attigerit,

162 1779 288 1861 plurimi
311 1780 374 1842 loci
398 1780 440 1842 ad
464 1779 599 1841 verbum
623 1780 705 1840 inter
728 1799 763 1840 se
787 1798 965 1860 congruere
989 1780 1199 1856 videbuntur,
1231 1780 1289 1841 sed
1312 1778 1337 1839 si
1403 1836 1406 1842 ,

162 1890 341 1950 accuratius
365 1889 549 1968 inspexeris
573 1907 740 1949 numerum
765 1907 877 1950 eorum
897 1886 1042 1950 locorum
1058 1887 1160 1950 multo
1180 1889 1337 1950 minorem

162 2016 233 2058 esse
265 1997 427 2061 iudicabis,
462 1995 565 2058 Multa
596 1997 738 2058 remedia
761 1995 849 2058 Plinii
874 2006 906 2058 et
922 1995 1051 2077 Apulei,
1075 2017 1170 2077 quae,
1192 1998 1217 2058 si
1233 2005 1337 2058 totam

161 2106 352 2166 sententiam
383 2113 527 2185 specteS,
563 2105 645 2165 inter
674 2123 709 2165 se
743 2105 952 2181 conveniunt,
987 2104 1118 2185 singulis
1148 2103 1338 2166 differentiis
1401 2088 1408 2103 “

162 2211 353 2292 quibusdam
377 2213 606 2275 discernuntur.
654 2209 846 2291 Saepissime
874 2212 1016 2273 remedia
1040 2212 1133 2274 nobis
1157 2220 1337 2288 occurrunt,

162 2338 246 2399 quae
270 2328 325 2380 aut
348 2318 507 2399 Apuleius
537 2327 592 2380 aut
615 2318 732 2380 Plinius
765 2320 868 2399 magis
901 2320 1081 2384 exornavit.
1127 2319 1162 2380 ln
1193 2319 1336 2400 plurimis

161 2426 257 2512 locis,
295 2427 410 2507 quibus
447 2428 488 2489 de
524 2427 645 2488 eisdem
680 2426 777 2488 rebus
810 2426 851 2488 ab
882 2435 1021 2507 utroque
1052 2429 1173 2508 agitur,
1208 2427 1336 2488 minime

161 2536 376 2597 necessarium
410 2544 473 2610 est,
506 2533 640 2595 Plinium
672 2533 810 2596 herbarii
842 2534 963 2596 sontem
995 2534 1097 2596 suisse.
1144 2535 1195 2597 Ne
1225 2533 1337 2596 inillis

160 2643 291 2721 quidem
325 2641 417 2717 locis,
451 2642 505 2721 qui
536 2660 640 2721 paene
665 2643 706 2704 ad
730 2642 866 2704 verbum
889 2644 971 2704 inter
993 2662 1027 2704 se
1052 2644 1262 2721 conveniunt,
1294 2642 1337 2704 ab

159 2746 308 2810 herbario
344 2749 504 2810 «omnium
538 2749 782 2830 compllatorem
806 2750 1011 2831 ineptissum»
1047 2759 1240 2831 excerptum
1265 2769 1336 2812 esse

159 2856 225 2916 sine
257 2856 457 2918 dubitatione
489 2858 635 2920 dixerim.
683 2856 769 2938 Quid
794 2859 897 2920 enim?
943 2858 1078 2921 Plinium
1110 2867 1143 2920 et
1174 2858 1337 2920 Dioscori-

159 2964 234 3025 dem
265 2963 406 3044 plurimis
437 2966 467 3026 in
500 2965 596 3027 rebus
627 2967 709 3028 inter
738 2985 774 3027 se
806 2968 985 3028 consentIre
1016 2985 1112 3028 nemo
1141 2987 1205 3028 non
1237 2966 1335 3029 videt.

159 3069 267 3132 Nihilo
303 3073 405 3133 minus
434 3071 579 3135 homines
608 3075 695 3136 docti
726 3083 813 3136 recte
851 3073 926 3136 mihi
961 3075 1146 3136 existimare
1179 3075 1336 3136 videntur.

167 3198 274 3258 neque
299 3177 383 3241 hunc
406 3181 447 3243 ab
472 3179 525 3242 illo
550 3201 656 3262 neque
680 3182 768 3243 illum
792 3182 833 3244 ab
858 3180 921 3243 hoc
945 3191 1136 3263 excerptum
1160 3201 1246 3265 esse,
1279 3181 1337 3243 sed

165 3296 338 3367 utrumque
363 3290 500 3350 eundem
524 3289 646 3351 sontem
666 3290 778 3354 adisse.
815 3289 890 3351 Non
906 3309 1032 3371 negem,
1055 3291 1080 3352 si
1097 3291 1210 3352 aetatis
1226 3297 1337 3350 aucto·

159 3415 229 3456 rum
261 3396 418 3457 rationem
448 3396 619 3475 habemus,
652 3397 719 3459 fieri
750 3399 911 3478 potuisse,
943 3407 978 3459 ut
1011 3398 1169 3479 Apuleius
1202 3396 1337 3459 Plinium

160 3512 359 3582 excerperet.
406 3501 472 3566 Sed
496 3524 579 3582 eum,
603 3507 658 3585 qui
681 3506 836 3582 imitatur,
860 3508 1016 3567 rationem
1048 3514 1169 3567 certam
1193 3507 1336 3567 imitandi

160 3607 314 3671 adhibere
360 3619 448 3690 puto.
495 3611 589 3674 Nunc
628 3620 735 3675 autem
766 3622 939 3693 utrumque
978 3623 1144 3676 auctorem
1184 3624 1334 3678 accurate

159 3718 360 3796 inspicientes
383 3719 414 3779 in
438 3720 579 3781 remedia
608 3721 763 3799 incident,
794 3741 877 3801 quae
901 3742 920 3783 a
943 3721 1043 3783 Plinio
1075 3721 1222 3784 laudibus
1257 3722 1336 3784 effe·

159 3833 284 3903 runtur,
316 3825 357 3887 ab
381 3823 531 3888 herbario
555 3827 651 3908 plane
681 3827 915 3910 negleguntur;
949 3837 982 3890 et
1005 3830 1120 3906 multa,
1153 3850 1237 3910 quae
1261 3830 1333 3893 her·

128 3960 130 3963 ·
158 3931 265 3994 barius
290 3931 342 3995 vel
366 3935 506 3996 maxime
530 3933 648 4012 laudat,
673 3935 714 3998 ab
738 3935 792 3998 illo
817 3938 946 3998 omnino
970 3957 1034 3998 non
1057 3939 1235 4000 traduntur.

265 4039 332 4104 Sed
356 4043 419 4103 iam
443 4044 484 4105 ad
508 4044 648 4125 singulas
671 4064 721 4106 res
745 4046 958 4125 exponondas
982 4047 1217 4127 adgrediamur.

425 4150 448 4220 I,
473 4171 501 4215 a.
530 4150 743 4215 Conseruntur
755 4162 934 4236 eaepartes
951 4154 1039 4218 Plinii
1056 4161 1089 4216 et
1105 4153 1236 4242 Apulei,
1250 4176 1335 4244 quae
