3000 4604
734 127 768 202 ll

271 361 445 431 Codicibus
469 363 636 445 descriptis
659 365 722 425 iam
746 365 787 427 ad
811 365 1012 447 propositum
1031 372 1230 426 revertamur
1245 373 1277 426 et
1294 364 1335 426 de

162 473 292 554 pristina
314 470 452 533 herbarii
476 471 579 533 forma
603 460 808 554 disputemus,

270 578 408 641 Codices
431 579 469 647 L.
489 587 522 640 et
538 579 579 641 V.
606 588 640 641 et
656 578 692 642 C.
717 578 765 641 his
788 581 817 641 in
843 580 940 643 rebus
963 580 1044 641 inter
1066 599 1100 640 se
1117 579 1334 641 consentiunt:

273 688 300 768 1)
325 684 465 766 Singulis
497 685 654 766 capitibus
688 689 922 768 praescriptum
958 695 1008 749 est
1042 706 1159 748 nomen
1195 684 1334 767 plantae,

161 795 203 857 de
227 815 292 874 qua
315 794 429 874 agitur.

271 904 301 982 2)
325 902 452 965 Deinde
475 910 652 982 sequuntur
674 901 847 965 herbarum
873 923 1066 984 synonyma.

272 1011 301 1090 3)
326 1010 410 1072 Tum
445 1011 630 1090 saepissime
665 1011 794 1088 dicitur,
834 1031 900 1092 quo
936 1031 1088 1093 quaeque
1123 1009 1226 1073 herba
1260 1011 1335 1073 loco

164 1126 320 1186 nascatur,

267 1225 299 1304 4)
323 1223 431 1306 Saepe
455 1234 582 1305 tempus
608 1225 736 1306 legendi
760 1222 923 1296 additur,¹

270 1333 300 1414 5)
324 1333 489 1396 Remedia.
541 1372 543 1379 ·
888 1415 889 1418 Ἴ

267 1437 324 1502 Ad
342 1455 359 1518 3
378 1448 448 1516 et4
472 1441 649 1503 notandum
673 1449 721 1503 est
745 1462 809 1503 non
832 1461 963 1522 semper
986 1441 1054 1504 illas
1075 1461 1128 1503 res
1149 1440 1223 1524 loco
1239 1442 1336 1504 tertio

161 1546 212 1609 vel
236 1556 352 1628 quarto
377 1557 663 1626 commemoratas,
698 1550 756 1612 sed
780 1550 940 1612 interdum
964 1551 1112 1612 remediis
1136 1548 1261 1612 adfixas
1284 1549 1336 1611 vel

163 1657 195 1717 in
218 1654 281 1717 fine
305 1657 418 1737 capitis
434 1657 577 1719 adiectas
601 1677 678 1722 esse.
701 1657 945 1739 Descriptiones
968 1656 1140 1720 herbarum
1164 1656 1336 1733 uberiores,

160 1783 244 1844 quae
275 1763 305 1824 in
340 1764 480 1826 editione
511 1764 643 1845 vulgata
674 1764 839 1847 leguntur,
870 1766 993 1829 desunt.
1040 1765 1204 1827 Interdum
1228 1772 1336 1826 autem

161 1869 282 1934 herbae
306 1871 447 1934 breviter
471 1872 704 1943 describuntur,
739 1872 898 1956 Imagines
920 1871 1093 1936 herbarum
1117 1872 1192 1935 solis
1215 1873 1246 1933 in
1263 1872 1336 1935 cod.

159 1979 196 2041 L.
221 1988 254 2041 et
279 1976 313 2043 C.
338 1980 554 2058 inveniuntur,
585 1980 647 2043 illic
679 1983 773 2043 variis
806 1981 985 2060 coloribus,
1017 1980 1069 2043 hic
1102 1979 1211 2042 colore
1244 1979 1334 2041 fusco

160 2088 277 2168 pictae,
325 2085 497 2169 Quaeritur
520 2097 646 2166 autem,
679 2099 786 2152 utrum
809 2089 881 2152 illae
904 2097 1029 2171 partes,
1062 2108 1146 2169 quae
1170 2086 1336 2150 codicibus

160 2194 197 2271 L,
221 2195 262 2271 V,
288 2193 314 2257 C
338 2215 524 2258 communes
546 2205 635 2274 sunt,
659 2198 690 2258 in
714 2196 896 2278 archetypo
919 2197 1058 2277 scriptae
1083 2195 1197 2258 suerint
1221 2213 1333 2256 necne.

161 2301 236 2385 Qua
263 2305 293 2365 in
317 2323 352 2367 re
376 2304 545 2367 iudicanda
568 2326 632 2367 non
655 2305 895 2386 neglegendum
919 2313 984 2381 est,
1016 2305 1046 2365 in
1071 2304 1183 2366 codice
1206 2309 1335 2363 vetusto

161 2409 196 2473 M
219 2432 403 2493 synonyma
426 2433 491 2474 non
514 2413 653 2478 inveniri.
700 2412 813 2495 Atque
836 2422 871 2475 ut
896 2421 983 2475 recte
1007 2413 1049 2475 de
1073 2410 1135 2472 hac
1159 2430 1192 2472 re
1216 2409 1335 2471 iudice·

161 2539 247 2596 mus,
280 2519 372 2582 simul
401 2522 604 2583 considerare
628 2521 801 2598 debemus,
833 2521 911 2601 quid
935 2528 1048 2604 auctor
1070 2500 1168 2580 libelli
1192 2516 1337 2593 voluerit,

162 2647 245 2706 quae
278 2629 318 2691 sit
352 2629 499 2689 codicum
532 2630 719 2706 auctoritas,
751 2628 867 2710 quibus
891 2627 940 2690 ¹ex
964 2627 1104 2690 lontibus
1128 2646 1179 2688 res
1202 2625 1336 2689 haustae

160 2735 230 2798 sint.
278 2733 343 2797 Cur
374 2733 460 2797 hunc
483 2736 629 2798 ordinem
652 2737 825 2799 disserendi
848 2756 982 2816 sequar,
1015 2756 1058 2798 ex
1083 2740 1205 2798 lutura
1228 2734 1335 2817 dispu-

156 2842 283 2904 tatione
307 2842 487 2924 apparebit.

268 2949 321 3012 Ac
352 2952 490 3032 primum
521 2951 653 3032 quidem
685 2952 906 3032 quaerendum
939 2959 1004 3028 est,
1036 2971 1112 3012 num
1144 2952 1233 3032 apud
1257 2951 1336 3014 alios

160 3059 332 3140 scriptores
371 3059 519 3140 antiquos
557 3058 705 3122 herbaria
744 3067 1056 3136 commemorentur,
1095 3060 1181 3121 unde
1216 3059 1336 3140 aliquid
1447 3086 1450 3090 ⁴

161 3167 309 3229 conicere
332 3166 436 3234 liceat,
479 3166 641 3248 Equidem
663 3167 737 3230 loco
761 3167 912 3244 Pliniano,
937 3169 1025 3229 cuius
1049 3169 1111 3229 iam
1133 3165 1214 3238 Dttn
1238 3164 1334 3250 Rem:

163 3272 299 3345 dotauit
330 3271 383 3344 ber
413 3271 560 3354 &rieden
590 3273 651 3344 unt
676 3272 793 3346 ulmea
825 3294 899 3356 pag.
931 3275 994 3335 228
1029 3276 1225 3337 mentionem
1248 3274 1332 3351 fecit,

160 3378 244 3442 hanc
282 3401 349 3444 rem
386 3380 531 3444 illustrari
565 3382 640 3444 mihi
678 3403 866 3464 persuasum
898 3391 956 3445 est.
1003 3382 1156 3463 Legimus
1190 3383 1274 3444 enim
1305 3385 1335 3444 in

161 3489 248 3552 Plinii
279 3490 355 3560 Nat,
388 3489 470 3554 Hist.
504 3489 557 3559 lib.
590 3504 628 3570 25
663 3491 796 3572 S8sq.
822 3490 920 3553 haec:
956 3490 1106 3576 «Praeter
1136 3489 1195 3552 hos
1220 3489 1335 3554 Graeci

162 3607 311 3665 auctores
342 3599 526 3681 prodidere,
551 3620 632 3680 quos
656 3600 720 3660 suis
744 3599 822 3662 locis
845 3599 1000 3675 diximus,
1032 3617 1075 3662 ex
1099 3597 1146 3660 his
1170 3596 1334 3668 Cratevas

160 3706 346 3788 Dionysius,
369 3705 577 3770 Metrodorus
601 3709 723 3769 ratione
746 3706 952 3770 blandissima
975 3707 1034 3769 sed
1058 3727 1123 3786 qua
1138 3705 1214 3768 nihil
1231 3727 1335 3787 paene

161 3813 247 3876 aliud
287 3835 384 3896 quam
422 3814 591 3878 difficultas
630 3817 674 3877 rei
713 3814 925 3896 intellegatur.
980 3820 1135 3892 pinxere
1173 3831 1335 3890 namque

161 3925 299 3999 effigies
322 3927 525 3987 herbarum
549 3932 659 4000 atque
684 3929 734 3986 ita
757 3928 1010 4001 subscripsere
1030 3924 1199 4002 effectus;
1223 3941 1335 3984 verum

162 4038 195 4090 et
218 4032 343 4111 pictura
367 4029 466 4092 fallax
494 4040 541 4092 est
573 4030 750 4108 coloribus,
778 4040 845 4093 tam
877 4032 1052 4093 numerosis
1084 4031 1271 4111 praesertim
1304 4032 1334 4091 in

162 4137 412 4200 aemulationem
448 4147 597 4216 naturae,
632 4138 833 4221 multumque
858 4140 1035 4220 degenerat
1058 4137 1335 4200 transcribentium
