3000 4604
498 815 1009 953 Corrigenda

650 1068 862 1090 ›5‹va

165 1193 196 1246 P.
234 1192 258 1248 2.
279 1211 352 1250 vers.
372 1194 415 1248 32.
435 1213 488 1264 pro
507 1196 698 1264 septimaniae
718 1213 771 1250 ner.
792 1196 979 1265 septimanae.

166 1283 196 1337 P.
234 1285 260 1338 5.
280 1304 353 1340 vern.
391 1286 416 1340 5.
438 1303 489 1354 pro
510 1286 627 1356 catalog
646 1304 698 1340 ser.
719 1287 862 1357 catalogo

163 1374 196 1426 P.
235 1375 260 1428 6.
280 1393 355 1431 νοτε.
377 1375 419 1429 14.
439 1375 551 1429 notati
571 1375 733 1430 deformata
754 1381 805 1429 eet.

163 1464 195 1517 P.
233 1466 257 1518 0.
278 1483 351 1520 vers.
371 1464 414 1520 28.
434 1482 486 1535 pro
506 1466 638 1535 eupatori
658 1483 711 1519 ser.
731 1467 873 1535 eupatori.

162 1553 194 1607 P.
216 1555 256 1608 14.
276 1572 349 1610 vere.
387 1555 412 1609 2.
432 1572 484 1625 pro
505 1552 534 1609 C.
555 1572 607 1609 ser.
627 1556 645 1608 l.

161 1642 193 1696 P.
214 1643 255 1696 15.
275 1662 348 1699 vers.
368 1643 411 1697 20.
431 1648 497 1713 post
516 1644 601 1713 Lysis
620 1645 804 1699 inserendum
823 1644 908 1712 (Lisie
929 1645 1011 1711 θοὰ).

160 1734 193 1787 Ρ.
214 1734 254 1787 16.
275 1751 348 1789 vere.
369 1735 409 1787 19.
429 1753 482 1806 pro
502 1732 623 1789 Cratera
646 1753 698 1790 ser.
719 1733 852 1790 Cratera.

161 1824 193 1877 P.
215 1824 257 1877 16.
277 1841 350 1878 vers.
369 1824 412 1877 20.
432 1825 477 1878 bis
497 1824 650 1878 delendum
670 1831 721 1879 est.
818 1822 822 1829 “

160 1913 192 1965 ΡΙ
212 1913 255 1966 20.
275 1931 347 1968 vers.
367 1913 410 1967 35.
430 1932 481 1983 pro
505 1916 689 1984 exponendas
709 1933 762 1969 ner.
783 1916 975 1985 exponendas.

160 2002 193 2054 P.
210 2002 252 2056 21.
272 2019 346 2059 vers.
365 2002 407 2057 25.
428 2021 480 2074 pro
501 2010 582 2058 eorta
601 2021 654 2058 eor.
675 2009 766 2059 noete.

162 2092 194 2146 P.
214 2092 257 2146 22.
277 2110 350 2148 vere.
371 2092 412 2147 12.
433 2110 485 2164 pro
505 2094 620 2148 veneiae
640 2111 692 2148 sor.
712 2094 836 2151 vesicae.

160 2181 192 2237 P.
214 2182 256 2236 24.
276 2200 350 2238 vere.
388 2184 412 2237 8.
432 2200 485 2254 pro
505 2183 699 2254 Apololdorue
718 2202 771 2239 ser.
791 2182 993 2254 Apollodorus.

161 2271 236 2326 Ibid.
274 2289 349 2328 vers.
369 2274 410 2327 10.
431 2291 483 2343 pro
502 2274 537 2326 24
556 2291 609 2327 ser.
628 2274 671 2328 44.

159 2361 234 2415 Ibid.
269 2379 342 2419 vern.
363 2363 405 2416 11.
425 2380 478 2433 pre
497 2363 661 2433 nymphaea
681 2381 736 2418 ner.
755 2363 937 2433 nymphaeae

159 2450 233 2506 Ibid.
273 2469 346 2509 vero.
366 2451 409 2507 27.
429 2469 482 2524 pre
500 2469 547 2533 με
576 2470 630 2507 sor.
658 2437 754 2534 μεθ’.

159 2543 191 2596 Ρ.
210 2541 254 2596 27.
274 2559 347 2597 vero.
386 2542 409 2596 1.
429 2543 520 2597 verba
539 2542 600 2609 (ubi
616 2542 704 2596 Plinii
723 2542 813 2598 verba
827 2543 974 2613 adscripta
988 2544 1066 2611 sunt)
1081 2541 1205 2599 delenda
1219 2545 1337 2600 ethaeo

278 2631 432 2687 scribenda
452 2638 533 2686 eunt:
553 2633 619 2686 Plin
638 2633 681 2686 25.
702 2634 767 2703 165;
786 2634 893 2702 26.95;
911 2632 1033 2701 25.100;
1053 2633 1094 2689 25.
1120 2634 1186 2704 134;
1204 2633 1248 2689 27.
1267 2636 1337 2706 114;

278 2720 321 2774 26.
342 2720 409 2790 143;
428 2721 471 2775 20.
491 2722 551 2775 244.

161 2810 192 2864 Ρ.
212 2811 254 2865 23.
274 2823 348 2866 vere.
368 2810 411 2864 23.
433 2829 484 2882 pro
503 2812 691 2882 perpenderit
710 2830 763 2867 sor.
783 2814 963 2883 pependerit.

159 2901 233 2956 Ibid.
271 2919 345 2957 vers.
365 2900 408 2955 35.
428 2919 480 2972 pro
500 2907 640 2972 supparet
659 2920 711 2957 ner.
732 2910 880 2973 suppurat.

102 3018 105 3023 ·
159 2991 191 3045 P.
211 2989 253 3045 34.
274 3008 348 3047 vers.
370 2990 411 3044 13.
431 3008 483 3060 pro
504 2991 618 3047 efficaci
638 3010 691 3047 ner.
717 2991 872 3049 efficacius.

159 3082 233 3137 Ibid.
271 3099 345 3137 vers.
365 3082 407 3135 21.
428 3099 480 3152 pro
499 3082 708 3153 interpolatore
729 3101 781 3137 ser.
801 3084 1024 3155 interpretatore
1043 3083 1099 3141 vel.

159 3171 191 3226 P.
210 3172 253 3227 35.
273 3189 346 3228 vere.
367 3173 408 3226 10.
428 3189 480 3241 pre
507 3153 619 3256 ὥςπτρ
648 3188 702 3227 ner.
732 3155 841 3258 ὥςπερ

159 3261 191 3317 Ρ.
211 3263 254 3316 44.
274 3279 348 3318 vers.
369 3262 410 3316 12.
430 3279 482 3332 pro
502 3261 631 3316 narrubii
650 3280 703 3316 ser.
723 3263 872 3317 marrubii.

158 3351 231 3406 Ibid.
269 3369 343 3407 vern.
362 3351 405 3406 36.
425 3369 477 3422 pro
499 3356 616 3406 aeterne
636 3370 688 3407 ner.
710 3358 838 3407 aeterna.

160 3441 190 3494 P.
210 3442 252 3496 48.
272 3460 345 3497 vers.
365 3441 408 3496 29.
428 3459 479 3512 pro
500 3442 626 3496 miritino
646 3459 699 3497 ser.
720 3442 843 3495 mirtino.
