3000 4604
677 165 733 241 29

598 273 810 286 -ᾣ--ψ

330 400 364 462 A
389 399 434 462 ul.

118 510 195 591 quid
219 510 250 569 in
274 421 411 590 corpopre
438 517 651 590 suppuratum

116 616 168 679 vel
191 618 216 678 si
246 622 404 695 pedibus
436 616 560 678 calcata
590 618 682 713 sint‘

117 745 206 800 ossa3
230 726 387 805 serpentis
404 725 519 787 eadem
540 731 652 786 contra

115 851 276 894 venenum
300 831 417 894 efficax
441 840 498 901 est,

990 397 1068 467 Plin,

760 508 812 571 vel
834 510 859 569 si
883 506 1006 569 calcata
1029 506 1090 567 sint
1114 525 1202 580 ossa;
1230 524 1295 566 ser·

760 617 864 697 pentis
888 615 1002 676 eadem
1027 621 1139 675 contra
1171 630 1295 674 venena

761 723 887 787 efficax.

223 1011 286 1090 Sic,
310 1019 344 1074 ut
368 1012 437 1088 seci,
461 1019 493 1073 et
509 1011 598 1074 Plinii
622 1013 722 1077 verba
745 1019 777 1074 et
794 1009 915 1092 Apulei
931 1008 1188 1090 interpungenda
1212 1024 1292 1082 esse,

116 1142 180 1183 non
207 1141 300 1182 «ossa
323 1121 512 1202 serpentis»,
536 1119 741 1182 scribendum
765 1120 916 1200 equidem
940 1138 1000 1198 pro
1028 1123 1118 1178 certo
1144 1113 1293 1182 habeam,

117 1234 210 1293 Cum
233 1237 314 1291 ture
338 1226 454 1289 Plinius
479 1248 522 1289 ex
545 1227 633 1289 sonte
656 1248 716 1289 suo
740 1226 855 1303 hausit,
880 1224 1047 1306 Apuleius,
1077 1224 1131 1304 qui
1155 1222 1295 1283 eundem
1401 1307 1406 1315 Ι

116 1336 238 1399 sontem
262 1337 349 1412 adiit,
372 1333 524 1415 neglexit,
549 1343 661 1397 contra
686 1335 893 1414 „pedibus“
918 1331 972 1394 ille
996 1329 1150 1412 neglexit,
1176 1328 1227 1390 hic
1252 1347 1295 1389 ex

117 1443 206 1506 fonte
229 1445 437 1524 transcripsit.

183 1625 307 1692 XLIX.
330 1622 453 1703 (Herba
469 1623 650 1706 Immolum)
699 1623 703 1728 l

118 1729 296 1794 Clarissima
318 1729 491 1793 herbarum
515 1739 563 1793 est
583 1731 651 1793 Ho-

117 1858 206 1901 mero
229 1846 383 1916 testante;
410 1848 443 1901 et
464 1846 650 1903 inventio-

117 1965 182 2011 nes
212 1953 291 2010 eius
314 1953 499 2010 Mercurio
525 1953 650 2025 adsig-

116 2063 180 2117 nat
203 2061 457 2132 contritaequa
480 2062 559 2118 eius
573 2061 651 2118 suoi

117 2167 297 2225 beneficio
314 2167 554 2226 demonstrat.
588 2163 651 2223 Ra-

829 1634 880 1701 25.
906 1620 958 1685 26.
984 1618 1164 1683 Clarissima
1179 1614 1295 1678 herba·

761 1750 830 1792 rum
855 1737 904 1791 est
920 1727 1065 1790 Homero
1080 1733 1163 1787 teste
1181 1741 1294 1802 quam

760 1844 888 1901 vocari
920 1857 941 1899 a
973 1842 1030 1900 dis
1061 1842 1166 1913 putat
1192 1837 1295 1910 moly

760 1955 792 2008 et
815 1945 1030 2006 inventionem
1053 1943 1119 2003 eius
1135 1940 1294 2002 Mercurio

760 2054 908 2133 adsignat
950 2059 1127 2130 contraque
1170 2068 1295 2111 summa

759 2159 914 2221 veneficia
975 2160 1293 2224 demonstrationem,

760 2273 861 2330 nasci
874 2285 956 2330 eam
969 2271 1082 2329 hodie
1095 2273 1192 2329 circa
1205 2271 1295 2329 Phe-

117 2269 222 2331 dicem
231 2267 650 2352 habetrotundamnigram-

117 2395 180 2455 que
216 2378 246 2437 in
277 2379 495 2458 magnitudine
519 2398 649 2460 caepae.
759 2392 869 2438 neum
895 2383 931 2437 et
954 2381 992 2437 in
1009 2379 1159 2452 Cyllene
1177 2381 1294 2437 Arca-

759 2489 842 2547 diae
880 2489 1032 2546 tradunt
1069 2489 1192 2560 specie
1228 2489 1295 2545 illa

759 2596 975 2670 Homerica,
1015 2592 1122 2653 radice
1157 2591 1296 2652 rotunda

759 2700 914 2779 nigraque
948 2699 1166 2779 magnitudine
1195 2717 1296 2779 cepae

757 2778 835 2869 lolio
852 2805 969 2882 scillae,
979 2805 1078 2868 effodi
1091 2814 1199 2867 autem
1213 2804 1296 2866 diffi-

759 2915 871 2983 culter,

226 3110 317 3180 Conl,
345 3113 375 3173 in
400 3110 565 3193 Theophr.
591 3111 622 3182 h,
647 3114 691 3194 pl.
716 3116 776 3183 IX.
808 3126 854 3192 15,
880 3129 897 3194 7
923 3112 1019 3174 haec:
1053 3097 1096 3169 τὸ
1131 3099 1168 3169 δὲ
1199 3104 1296 3190 μῶλυ

121 3209 201 3303 περὶ
238 3209 371 3277 Φενεόν
399 3208 457 3277 καὶ
482 3211 519 3277 ἐν
545 3216 589 3301 τῇ
609 3205 791 3304 Κυλλήνῃ·
812 3210 899 3300 φασὶ
920 3202 949 3278 d'
974 3205 1143 3278 εἶναικαὶ
1173 3199 1296 3297 ὅμοιον

119 3305 145 3409 ᾧ
176 3308 370 3409 ὁὍμηρος
399 3317 523 3409 εἴρηκε,
552 3311 617 3409 τὴν
646 3315 715 3405 ’μὲν
743 3316 842 3410 ρ’ίζαν
865 3316 942 3405 ἔχον
961 3312 1172 3409 στρογγύλην
1198 3340 1296 3408 προς-

119 3430 253 3519 εγαγερῆ
295 3418 445 3515 νρομύῳ,
487 3418 530 3493 τὸ
567 3422 603 3491 (λε’
637 3418 764 3513 φύλλον
794 3415 922 3514 ύμοιον
963 3421 1099 3516 σκίλλῃ·
1140 3428 1296 3518 χρῆσθαι

118 3530 155 3601 da'
184 3528 279 3621 αύτῷ
307 3526 392 3623 πρός
418 3556 459 3599 τε
486 3525 533 3599 τὰ
569 3523 834 3624 ἀλεξιφάρμακα
868 3530 925 3600 ναὶ
954 3525 1017 3607 τὰς
1044 3529 1212 3620 μαγείας·
1255 3523 1296 3598 ού

117 3635 187 3734 μὴν
215 3632 377 3733 ὀρύττειν
403 3630 433 3727 γ’
464 3634 555 3706 εἶναι
581 3633 743 3727 χαλεπὸν,
786 3630 829 3715 ὡς
850 3629 1004 3732 (Όμηρίς
1039 3662 1133 3730 φησι.
1182 3647 1295 3711 Verba

118 3757 239 3839 Apulei
263 3765 415 3838 corrupta
439 3776 507 3818 esse
530 3766 678 3837 apparet,
724 3755 905 3820 Similitudo
929 3757 1121 3833 litterarum,
1157 3775 1240 3836 quae
1264 3757 1293 3817 in

120 3867 233 3928 codice
250 3866 289 3929 L.
313 3865 471 3946 leguntur,
495 3871 527 3926 et
552 3865 724 3926 verborum
748 3864 838 3927 Plinii
861 3873 950 3926 tanta
974 3873 1031 3941 est,
1056 3873 1091 3926 ut
1106 3872 1162 3925 aut
1179 3863 1294 3924 Plinius

119 3982 174 4036 aut
190 3973 348 4055 Apuleius
371 3974 591 4036 emendandus
614 3975 663 4035 sit.
701 3970 782 4035 Cum
807 3981 914 4034 autem
938 3973 1099 4034 Homerus
1122 3991 1228 4052 neque
1252 3972 1294 4033 de

119 4101 198 4143 suco
222 4079 315 4143 huius
339 4080 478 4163 plantae,
502 4100 607 4161 neque
630 4083 672 4144 de
696 4081 833 4142 contrita
856 4079 967 4160 planta
989 4079 1148 4160 loquatur,
1171 4077 1293 4159 Apulei

120 4189 221 4258 verba
255 4190 300 4256 sic
337 4208 406 4254 esse
441 4189 594 4255 mutanda
630 4190 787 4269 existim0,
811 4196 846 4251 ut
880 4188 1053 4254 scribatur:
1096 4196 1294 4272 «contraque
