3000 4604
715 152 769 226 54

160 388 209 464 sit,
233 388 418 449 coniectura
441 385 565 448 Mulleri
591 388 751 449 reicienda
775 396 830 450 est.
879 386 1000 451 Contra
1025 389 1211 479 saepissime
1247 409 1344 452 casus

161 497 324 558 nominum
348 503 470 558 temere
489 490 682 558 'commutati
705 504 785 572 sunt,
817 497 849 559 id
874 499 962 578 quod
987 519 1030 561 ex
1054 518 1094 560 eo
1122 494 1241 559 Iactum
1266 517 1342 559 esse

161 611 251 684 put0,
276 604 365 683 quod
389 604 497 665 codex
520 601 717 685 archetypus
741 604 915 666 litterarum
933 607 1133 688 compendiis
1151 614 1219 668 erat
1241 606 1344 687 scrip·

160 719 220 772 tus.
256 710 369 790 Itaque
385 731 445 791 pro
473 709 610 790 «leporis
625 730 714 791 pes»,
739 712 828 792 quod
845 714 917 774 voci
941 714 1055 790 „dato“
1080 714 1249 789 antecedit,
1276 711 1344 774 «le-

161 820 248 899 poris
273 819 411 900 pedem»
439 818 669 880 restituendum
694 829 751 895 est,
776 821 866 900 quod
891 822 921 882 in
945 821 1079 902 vulgata
1104 840 1235 902 quoque
1260 818 1342 900 legi·

160 935 220 987 tur.
269 924 362 1006 Quae
385 947 463 988 vero
488 927 529 989 de
552 947 634 989 voce
661 926 800 1009 «leporis
824 949 915 1009 pes»,
948 950 1008 1009 pro
1042 949 1106 1010 qua
1133 927 1341 1009 «leporipes»

161 1033 365 1096 scribendum
389 1054 458 1095 esse
483 1036 652 1112 existImat,
677 1036 809 1116 profert,
833 1036 984 1117 analogia
1000 1036 1130 1099 alterius
1147 1037 1235 1097 vocis
1252 1055 1344 1098 com-

160 1142 286 1221 positae
310 1141 503 1205 refelluntur.
551 1141 643 1205 Cons.
668 1142 746 1224 Cap.
773 1143 858 1208 VIII.
888 1160 912 1207 1.
947 1165 1006 1226 pes
1031 1143 1132 1206 leonis
1159 1181 1191 1206 =
1216 1142 1344 1206 leonto·

160 1250 303 1328 podium.
349 1248 385 1309 In
409 1269 501 1311 versu
527 1266 543 1327 3
570 1250 726 1331 epistolae
748 1251 914 1328 subditae,
952 1272 1049 1332 quarn
1072 1251 1124 1313 ille
1158 1259 1261 1312 totam
1285 1251 1345 1313 de·

159 1356 283 1436 scripsit
306 1356 396 1432 dicit,
431 1359 678 1437 «proressionis»
716 1361 869 1439 scriptum
894 1379 979 1435 esse,
1013 1360 1071 1421 sed
1102 1360 1205 1439 prima
1229 1378 1346 1420 manus

163 1463 404 1543 «professionis»
431 1465 584 1544 praebet,
619 1467 797 1545 posteriore
833 1485 928 1528 manu
964 1467 1070 1529 littera
1093 1470 1144 1544 „r“
1171 1485 1269 1545 super
1293 1464 1346 1541 „s“
1442 1450 1446 1459 ¹

161 1572 286 1651 scripta.
321 1571 445 1634 Ibidem
470 1575 499 1633 in
523 1592 617 1634 versu
645 1585 659 1652 5
687 1573 750 1653 legi
767 1574 946 1649 „dicemus“
963 1595 1027 1636 non
1044 1575 1225 1652 „dicimus“,
1251 1575 1345 1654 quod

164 1677 214 1740 ille
239 1678 350 1745 habet.

276 1787 309 1848 In
334 1789 542 1850 adnotatione
566 1810 640 1870 pag.
672 1791 730 1870 187
752 1792 933 1871 subscripta
949 1789 1101 1852 Miillerus
1124 1788 1206 1851 haec
1231 1789 1344 1868 ponit:

48 1880 52 1887 ⁶
165 1893 245 1978 ,ild
270 1893 322 1965 [un
347 1895 437 1979 loqur
462 1894 513 1966 ber
531 1894 696 1982 incinunt,
721 1897 783 1981 bul
802 1896 966 1983 &brunda
988 1894 1160 1982 arannem
1185 1901 1246 1967 out
1271 1896 1344 1966 bem
1391 1942 1395 1949 -

164 2000 320 2086 tibuleiuss
343 2002 553 2089 urlbrituulid)
579 2002 732 2090 eiraldi
756 2005 808 2076 ber
833 2003 969 2091 ssenbner
985 2001 1182 2087 bunbldritt
1202 2002 1346 2088 pervelm.

164 2107 372 2195 &titillatus
397 2108 483 2195 guil
515 2110 568 2181 ber
590 2110 699 2197 Bellen
734 2111 795 2183 urb
821 2110 1012 2193 budltuben
1035 2110 1175 2194 [linimen
1201 2108 1348 2193 nostrati:

164 2215 229 2300 ild),
254 2216 371 2288 minbet
391 2218 451 2288 bad
469 2216 611 2303 {Innatat
646 2219 721 2281 Non
737 2222 870 2282 sensisse
885 2220 1021 2290 videtur,
1045 2220 1199 2299 imagines
1227 2226 1260 2280 et
1284 2238 1340 2298 sy·

165 2345 307 2404 nonyma
341 2324 516 2388 herbarum
551 2328 670 2389 codicis
693 2327 732 2396 L,
758 2329 789 2388 in
814 2328 877 2389 cod
900 2326 944 2388 M.
970 2327 1091 2402 deesse,
1127 2335 1160 2388 et
1192 2346 1345 2388 numeros

167 2434 308 2514 capitum
332 2454 462 2514 prorsus
495 2434 640 2496 diVersos
672 2454 752 2503 esse,
801 2433 963 2496 Nonnulla
997 2434 1136 2514 denique
1161 2433 1346 2513 fragmenta

165 2542 285 2603 interea
309 2542 446 2619 inventa,
471 2542 589 2603 eadem
612 2543 779 2623 praebent,
808 2562 892 2623 quae
917 2542 988 2603 cod.
1013 2541 1063 2618 L.,
1097 2541 1181 2603 unde
1205 2549 1345 2620 apparet

166 2649 311 2711 codicem
334 2648 378 2713 M.
412 2670 476 2711 non
508 2658 635 2730 partem
670 2651 789 2712 codicis
821 2650 859 2712 L.
885 2669 955 2711 esse
978 2668 1084 2729 posse.
1133 2646 1232 2728 Quod
1256 2648 1346 2710 deni-

166 2776 229 2838 que
254 2758 284 2817 in
308 2777 383 2838 pag.
419 2757 479 2836 187
505 2758 653 2818 codicem
685 2757 807 2819 fontem
840 2758 997 2819 sermonis
1031 2755 1117 2818 latIni
1149 2755 1347 2817 uberrImum

166 2883 235 2926 esse
259 2863 416 2941 adfirmat,
449 2884 517 2926 rem
547 2885 683 2945 parvam
717 2866 808 2926 nimis
839 2874 984 2926 exornat.
1031 2863 1087 2925 Ad
1110 2862 1194 2925 hanc
1217 2869 1346 2923 senten·

166 2972 243 3033 tiam
267 2991 307 3033 eo
331 2973 489 3034 adductus
513 2992 583 3033 esse
607 2973 741 3049 videtur,
766 2973 855 3053 quod
882 2970 999 3033 multas
1020 2990 1117 3033 voces
1145 2969 1347 3031 librariorum

164 3079 369 3160 neglegentia
405 3079 634 3142 dehonestatas
659 3100 702 3141 ex
737 3099 886 3141 sermone
919 3080 993 3140 vivo
1028 3087 1113 3140 ortas
1142 3097 1212 3139 esse
1236 3077 1346 3138 existi-

165 3188 273 3256 mavit,
320 3187 355 3248 In
387 3189 469 3249 veris
503 3196 611 3249 autem
647 3187 768 3268 Apulei
809 3185 953 3268 partibus
988 3205 1152 3266 perpauca
1188 3183 1349 3264 leguntur,

167 3314 251 3375 quae
274 3295 362 3357 bono
387 3296 513 3357 dicendi
538 3315 657 3376 genere
681 3302 871 3375 repugnant.

278 3401 434 3464 W'dlfllini
457 3402 655 3483 benignitate
679 3400 755 3463 mibi
779 3402 965 3463 commissus
982 3409 1030 3463 est
1049 3399 1129 3462 liber
1152 3400 1349 3479 „Anecdota

168 3508 374 3578 Oxoniensia,
411 3508 548 3590 Alphita
571 3510 680 3571 edited
703 3508 788 3589 byJ.
805 3508 843 3570 L.
864 3505 901 3570 G.
922 3507 1055 3570 Mowat.
1082 3505 1212 3571 Oxford
1234 3507 1349 3588 1887.ιι

167 3617 202 3678 In
237 3615 328 3679 huius
362 3616 433 3679 libri
467 3637 543 3698 pag,
570 3631 612 3695 30
642 3614 724 3678 haec
755 3615 905 3696 leguntur
936 3620 1140 3692 „Canusela
1163 3613 1272 3676 similis
1298 3622 1349 3677 est

168 3724 257 3805 polio
280 3734 433 3787 montano
457 3727 514 3788 sed
545 3723 732 3786 nonhabet
756 3731 824 3785 tam
848 3743 959 3804 grossa
990 3723 1065 3785 folia
1088 3731 1238 3785 nectam
1262 3721 1348 3784 bene

169 3831 304 3894 redolet.
351 3832 449 3895 Foliis
485 3842 517 3895 et
550 3831 629 3894 flore
662 3833 808 3896 utImur.“
856 3830 1012 3894 Conicere
1044 3831 1127 3908 licet,
1160 3832 1190 3891 in
1217 3830 1349 3891 nomine

172 3946 344 4018 causella,
369 3961 429 4021 pro
454 3961 519 4021 quo
543 3942 573 4002 in
598 3960 673 4021 pag.
699 3958 719 4020 9
744 3945 928 4002 maurella
953 3940 1172 4016 conieceram,
1209 3936 1350 4000 scriben-

170 4050 247 4110 dum
272 4067 341 4110 esse
366 4055 550 4112 canusela.
