3000 4604
374 379 476 461 Apul.
1032 383 1110 453 Plin,

162 509 218 551 ore
250 498 398 552 teneatur
432 491 484 554 vel
520 492 595 555 folia
630 495 697 555 eius
807 491 881 553 folia
920 496 1129 572 radicesque
1177 512 1339 554 comman-

165 598 481 668 commanducentur,
806 600 953 672 ducatae

281 739 390 802 Diosc.
415 743 460 808 ΙΙ.
499 754 557 821 152
588 724 607 801 ὃ
636 731 672 802 δὲ
708 726 806 820 χυλὸς
841 738 910 800 τῶν
954 726 1089 822 φύλλων
1120 727 1167 800 τὰ
1196 734 1234 800 ἐν
1261 725 1338 800 στί-

162 860 253 923 ματι
282 838 357 929 ἕλκη
386 829 626 932 ἀνακαθαίρει
655 844 799 925 συνεχῶς
827 833 1097 927 διακλνζόμενος.

228 956 273 1023 ΙΙ.
297 970 349 1024 22,
374 954 430 1018 Ad
446 955 565 1019 fistulas
581 978 693 1020 sanan·
743 935 746 1043 l
872 958 923 1021 26.
954 959 1024 1027 126,
1058 959 1178 1021 auxilio
1208 967 1257 1021 est
1282 959 1338 1038 (sc.

161 1062 230 1124 das,
804 1063 925 1146 fistulis)
958 1065 1149 1147 plantaginis
1177 1086 1270 1128 sucus
1295 1067 1339 1126 in·

228 1167 259 1237 h.
284 1169 476 1252 plantaginis
499 1192 592 1234 sucus
608 1171 695 1234 fistu-
805 1172 900 1241 fusus,

160 1276 198 1339 lis
221 1277 395 1340 infunditur
417 1287 451 1342 et
474 1281 622 1342 medetur
638 1282 695 1342 eis·

162 1385 245 1449 dem.

267 1527 378 1592 Diosc.
403 1533 459 1598 lV.
490 1543 548 1610 152
586 1513 770 1613 σύρριγγάς
798 1546 838 1588 τε
867 1514 1107 1609 ἐγκλνζόμενος
1136 1511 1269 1610 ὠφελεῖ.

228 1637 273 1705 ΙΙ.
299 1651 352 1712 24,
378 1635 544 1700 Adversus
568 1641 694 1701 vesicae
871 1637 923 1700 26.
964 1639 1016 1717 78,
1064 1637 1202 1700 Vesciae
1249 1639 1339 1701 malis

162 1742 376 1809 difficultates,
416 1745 547 1808 Herbae
571 1746 695 1827 planta·
804 1745 924 1808 auxilio
948 1754 997 1807 est
1019 1744 1173 1826 plantago
1190 1744 1271 1807 foliis
1287 1745 1340 1808 vel

161 1851 242 1930 ginis
270 1851 347 1914 folia
371 1851 423 1914 vel
448 1854 572 1915 radices
595 1863 695 1935 potae
805 1854 912 1915 radice
935 1855 1021 1934 potis
1046 1873 1090 1914 ex
1113 1872 1219 1933 passo

162 1978 205 2020 ex
232 1979 328 2040 passo
362 1959 487 2023 fortiter
517 1962 695 2030 medentur,

143 2047 150 2058 ⁸
296 2066 404 2130 Diosc.
428 2070 485 2139 IV,
513 2081 576 2147 152
606 2052 691 2151 πρὸς
733 2054 769 2124 δὲ
811 2051 858 2126 τὰ
888 2059 925 2125 ἐν
952 2051 1069 2125 κύστει
1094 2060 1169 2150 ἕλκη
1201 2055 1260 2125 ναὶ
1287 2082 1338 2124 νε-

162 2167 262 2257 φροῖς
290 2160 427 2233 δίδοται
455 2156 471 2231 ί
503 2163 580 2258 ῥίζα
607 2164 664 2234 καὶ
693 2158 740 2236 τὰ
769 2158 879 2260 φύλλα
907 2158 1000 2253 μετὰ
1028 2164 1173 2251 γλυκέος.

227 2284 290 2351 ΙΙΙ.
319 2294 346 2361 5.
371 2281 427 2344 Ad
448 2285 635 2364 sanguinem
652 2285 696 2346 de
871 2282 922 2345 26.
953 2299 1022 2361 131.
1040 2281 1121 2344 Item
1132 2281 1339 2362 Lysimachia

160 2390 288 2452 naribus
338 2391 428 2451 nimis
467 2390 693 2472 profluentem.
804 2400 883 2471 pota
918 2390 970 2452 vel
1002 2389 1090 2452 inlita
1121 2390 1174 2453 vel
1211 2390 1339 2452 naribus

160 2496 263 2560 Sucus
293 2498 502 2579 quinquefolii
524 2498 621 2580 potus¹
644 2499 696 2561 vel
804 2499 911 2575 indita,
943 2497 1195 2579 quinquefolium
1225 2505 1339 2578 potum

161 2604 265 2669 inlitus
311 2607 471 2687 restringit
508 2607 695 2688 sanguinem
805 2615 842 2668 et
864 2606 995 2673 inlitum.
1062 2670 1064 2674 .

161 2713 248 2777 mire.

267 2839 375 2908 Diosc,
401 2841 459 2908 IV.
483 2854 525 2916 42
563 2827 621 2898 καὶ
651 2826 885 2923 αἱμορραγίας
915 2835 1030 2922 ἵστησι
1063 2822 1254 2916 πινόμενον
1281 2825 1338 2895 ιιαὶ

161 2929 509 3026 καταπλασσίμενον.
1023 2930 1028 2942 ’

229 3054 340 3122 111.6.
364 3054 420 3116 Ad
437 3056 573 3136 anginae
592 3075 694 3120 reme·
872 3054 926 3123 26.
951 3069 1004 3132 23,
1043 3053 1194 3135 Anginae
1231 3055 1340 3115 mede·

162 3162 259 3230 dium,
284 3159 405 3224 herbae
421 3161 628 3243 quinquefolii
643 3183 694 3225 su·
805 3171 857 3224 tur
872 3181 965 3223 sucus
982 3162 1024 3224 de
1045 3161 1264 3242 quinquefolio
1281 3181 1339 3242 po·

163 3289 218 3330 cus
243 3266 367 3349 cyathis
399 3269 500 3331 tribus
524 3272 615 3350 potui
639 3272 695 3333 da·
806 3277 857 3330 tus
880 3268 1005 3349 cyathis
1028 3269 1138 3338 tribus,

161 3385 221 3455 tur,
245 3377 417 3448 miraberis,

230 3487 306 3573 XX.
343 3497 371 3564 5.
412 3484 533 3551 Contra
566 3508 696 3569 serpen·
875 3499 927 3562 25.
957 3501 1026 3547 101.
1057 3483 1261 3547 aristolochia
1285 3502 1340 3546 ra·

163 3593 242 3654 tium
266 3611 391 3655 morsus
415 3603 448 3656 et
467 3594 640 3658 hominum.
666 3593 697 3658 h.
807 3600 900 3659 dicis
924 3598 1102 3656 drachma
1135 3595 1166 3654 in
1198 3593 1260 3654 vini
1284 3589 1340 3652 he-

164 3699 387 3763 aristolochiae
397 3708 544 3779 pondus
555 3708 698 3767 denarii
807 3704 892 3765 mina
915 3702 974 3765 sed
996 3701 1123 3782 saepius
1146 3700 1295 3763 bibenda.

164 3814 274 3872 unius
308 3809 372 3870 vini
405 3808 533 3872 hemina
572 3811 699 3891 saepius

165 3915 293 3994 bibitur,
317 3917 443 3979 discutit
466 3938 634 3981 venenum.

277 4063 396 4133 ,Diosc
421 4064 482 4130 ΙΙΙ.
507 4061 528 4122 6
564 4045 650 4143 πρὸς
678 4048 714 4119 δὲ
743 4055 874 4144 tunna
892 4049 950 4119 ιιαὶ
969 4042 1158 4137 θανάσιμα
1183 4040 1339 4142 huonon*

166 4151 226 4234 <tf
260 4150 339 4251 ὁλκὴ
367 4159 536 4255 πινομένη
563 4151 641 4252 μετ’
672 4159 768 4229 οἶνον
795 4157 1122 4254 αατανιλαττομίνη.
