3000 4604
719 166 763 240 14

642 276 855 286 -—-—-—.-...-.

159 403 253 480 XIX,
277 404 345 479 LL,
369 402 400 463 in
424 403 572 465 remediis
596 401 658 464 alia
681 403 811 464 nomina
834 391 1037 484 ‘usurpantur
1069 383 1167 484 atque
1192 404 1222 465 in
1245 404 1338 467 initiis

160 511 312 590 capitum,
347 508 500 590 Meyerus
527 508 563 579 C,
588 530 616 579 c,
642 513 687 579 II,
715 526 773 588 321
805 512 896 574 dicit:
923 509 1045 594 ,Selii
1070 509 1196 597 ftsspiltl
1219 511 1255 594 ill
1280 511 1336 582 mil

160 617 229 683 itm
265 614 484 699 acutianum
518 614 641 684 niues
677 617 757 689 einer
792 616 922 702 titanae
959 616 1214 702 iberidriebens‘
1269 617 1336 682 Sed

161 733 325 788 auctorem
350 724 412 787 alia
436 726 564 787 uomina
587 727 837 808 praescripsisse,
870 726 932 788 alia
955 728 985 788 in
1010 728 1158 788 remediis
1182 728 1257 807 ipsis
1282 728 1337 788 ad-

159 831 307 909 hibuisse,
345 833 495 913 equidem
530 832 700 897 verisimile
725 853 795 896 esse
830 853 925 915 nego.
973 834 1086 915 ltaque
1117 833 1250 896 dubium
1273 855 1337 895 non

160 948 224 1016 est,
255 940 330 1022 quin
361 947 395 1002 et
426 938 480 1001 illa
512 941 644 1002 nomina
675 943 874 1022 praescripta
905 941 946 1003 ab
970 941 1201 1025 interpolatore
1227 943 1337 1004 addita

158 1046 220 1109 sint
243 1056 276 1109 et
299 1066 491 1128 synonyma.
515 1047 584 1109 lam
608 1049 779 1128 quaeritur,
809 1068 875 1129 quo
899 1069 942 1110 ex
966 1048 1054 1111 fonte
1078 1048 1130 1111 illa
1154 1069 1338 1130 synonyma

160 1153 273 1217 hausta
310 1155 379 1217 sint.
426 1153 675 1217 Aclrermannus
716 1156 849 1236 quidem
888 1157 1026 1237 primum
1065 1177 1109 1219 ex
1143 1157 1335 1220 Dioscoride

159 1271 287 1345 sumpta
311 1282 381 1324 esse
405 1264 535 1341 censuit,
562 1264 678 1325 deinde
698 1265 856 1326 sententia
880 1272 1003 1326 mutata
1018 1265 1216 1327 Dioscoridis
1240 1284 1336 1344 syno-

161 1390 260 1452 nyma
283 1390 326 1433 ex
349 1369 470 1452 Apulei
506 1370 655 1434 herbario
690 1373 827 1453 repetita
859 1391 929 1433 esse
961 1372 1052 1440 dixit.
1098 1369 1166 1434 Sed
1199 1380 1336 1453 utraque

160 1479 319 1542 sententia
342 1478 433 1540 facile
459 1479 560 1541 refelli
584 1488 703 1560 potest.
747 1480 905 1542 Videmus
928 1481 1013 1541 enim
1036 1500 1228 1560 synonyma,
1252 1500 1336 1561 quae

160 1587 321 1668 incapite
346 1589 396 1655 IX
420 1588 566 1649 editionis
601 1586 752 1668 vulgatae
791 1596 824 1649 et
847 1589 966 1650 codicis
997 1588 1025 1650 L
1050 1588 1217 1670 leguntur,
1249 1590 1337 1669 apud

161 1695 387 1758 Dioscoridem
409 1694 529 1776 scripta
552 1715 616 1756 non
640 1715 720 1772 esse,
745 1697 829 1766 unde
853 1704 991 1776 apparet
1012 1696 1080 1758 fieri
1104 1717 1168 1758 non
1185 1698 1337 1777 potuisse,

162 1812 197 1864 ut
221 1823 264 1865 ex
286 1802 351 1866 hoc
374 1804 670 1878 transcriberentur,
694 1804 752 1865 nisi
776 1804 858 1866 forte
883 1805 953 1884 quis
977 1812 1070 1885 putat
1094 1802 1271 1886 Apuleium
1295 1825 1338 1867 ex

161 1910 358 1975 Dioscoridis
381 1914 494 1976 codice
531 1911 688 1989 hausisse,
722 1912 777 1992 qui
806 1911 859 1973 illa
883 1929 1015 1993 quoque
1039 1931 1222 1992 synonyma
1245 1933 1337 1993 prae·

161 2017 285 2089 buerat,
332 2020 449 2102 Neque
488 2020 813 2102 praetermittendum
861 2028 929 2098 est,
978 2020 1165 2100 saepissime
1201 2019 1337 2082 alterurn

160 2126 253 2209 plura
276 2129 405 2191 nomina
428 2128 553 2191 adferre
587 2148 684 2211 quam
721 2128 867 2198 alterum,
915 2128 1140 2191 Dioscoridem
1172 2148 1250 2190 vero
1274 2149 1337 2189 non

161 2255 205 2296 ex
227 2234 369 2316 Apuleio
405 2237 534 2298 nomina
573 2238 726 2317 repetisse
758 2256 823 2297 non
853 2238 953 2298 modo
977 2256 1020 2298 ex
1043 2245 1150 2298 aetate
1174 2236 1338 2316 utriusque

160 2345 219 2407 sed
243 2345 340 2407 etiam
363 2364 407 2406 ex
430 2364 470 2406 eo
494 2343 703 2429 intellegitur,
738 2344 828 2425 quod
855 2364 1039 2424 synonyma
1062 2342 1183 2424 Apulei
1208 2363 1251 2405 ex
1274 2363 1338 2405 ser-

161 2471 257 2514 mone
283 2451 410 2515 Graeco
433 2453 624 2534 transcripta
648 2471 718 2513 esse
745 2471 843 2532 supra
875 2451 1021 2512 diximus.
1069 2450 1182 2531 ltaque
1206 2451 1339 2512 dubium

162 2580 226 2622 non
250 2568 309 2645 est,
334 2561 409 2640 quin
434 2569 466 2622 et
490 2561 697 2623 Dioscorides
730 2567 828 2640 atque
861 2560 944 2620 adeo
978 2559 1044 2620 eius
1068 2559 1281 2641 interpolator
1304 2568 1337 2621 et

161 2666 373 2748 interpolator
395 2667 516 2750 Apulei
552 2668 689 2765 eandem
725 2667 826 2729 secuti
855 2668 916 2729 sint
958 2667 1193 2740 auctoritatem,
1241 2665 1339 2747 Quod

161 2796 261 2857 saepe
285 2776 419 2839 multum
443 2777 524 2838 inter
546 2796 580 2838 se
604 2777 796 2856 discrepant,
821 2776 968 2837 conicere
992 2775 1068 2839 licet
1091 2774 1339 2856 interpolatores

162 2904 293 2946 munere
316 2905 375 2947 suo
399 2905 463 2947 non
487 2885 556 2966 pari
579 2883 743 2965 diligentia
766 2883 891 2945 functos
916 2903 986 2945 esse
1011 2891 1066 2945 aut
1094 2882 1163 2945 fieri
1187 2883 1339 2965 potuisse,

162 3001 197 3054 ut
221 2992 291 3054 sons
314 2993 392 3073 ipse,
416 3012 514 3073 quem
538 3000 673 3072 uterque
697 2992 782 3069 adiit,
811 2990 1000 3071 corruptelis
1034 2998 1090 3052 aut
1113 2989 1339 3053 additamentis

163 3101 357 3182 depravatus
381 3108 473 3169 esset,
514 3099 581 3161 lam
605 3099 678 3162 Val.
701 3099 790 3160 Rose
813 3101 844 3160 in
870 3099 983 3167 Herm,
1007 3107 1085 3161 tom.
1110 3098 1128 3159 8
1159 3099 1242 3179 1874
1265 3116 1339 3178 pag.

166 3208 205 3286 38
231 3208 327 3270 dixit:
365 3206 452 3291 §liele
478 3204 694 3293 alphabetiide
711 3204 935 3293 Unurheitunu
960 3216 1030 3276 non
1055 3203 1242 3292 uriedtin‘ien
1260 3204 1341 3289 tert

165 3313 220 3386 bei
245 3313 453 3387 minitantes
477 3311 531 3398 lut
561 3319 622 3385 uui
653 3312 805 3394 bertelini
831 3312 900 3395 auct]
931 3318 997 3384 ten
1030 3312 1185 3399 tinuteiui
1210 3310 1341 3397 (rectius

164 3424 299 3486 dixisset
331 3421 397 3493 ten
421 3420 647 3506 deterioratos·
671 3421 726 3493 tei
753 3420 922 3507 ursicius)
950 3420 1116 3493 timenter
1139 3420 1252 3494 {tuelle
1276 3418 1341 3505 ihre

165 3528 308 3602 letunnte
332 3529 409 3609 ssiite
441 3530 493 3603 ter
518 3529 782 3616 liiuuieunumen
808 3548 943 3614 peronen.
994 3529 1223 3593 Gravissimum
1246 3551 1340 3613 argu-

166 3648 310 3702 mentum
326 3637 418 3701 huius
435 3641 487 3717 rei,
505 3659 589 3720 quae
614 3659 672 3720 per
695 3659 730 3700 se
753 3640 824 3720 ipsa
846 3638 1003 3700 levissima
1026 3658 1096 3700 esse
1128 3639 1261 3716 videtur,
1286 3641 1341 3701 ad-

166 3746 247 3809 ferre
271 3767 410 3829 possum
434 3747 519 3809 Nam
555 3755 587 3809 et
620 3748 707 3828 apud
730 3745 906 3828 Apuleium
938 3755 972 3808 et
993 3746 1089 3827 apud
1116 3745 1341 3808 Dioscoridem

166 3854 337 3918 herbarum
360 3875 543 3937 synonyma
577 3856 763 3935 saepissime
787 3876 862 3917 casu
886 3855 1083 3917 nominativo
1108 3863 1341 3936 proponuntur,

167 3983 363 4045 quamquam
387 3965 599 4026 nominativus
623 3963 817 4027 subiectivus
841 3961 945 4043 (saliis
979 3955 1013 4018 οἱ
1041 3951 1103 4041 δέ)
1140 3969 1173 4023 et
1207 3960 1342 4023 verbum

168 4072 330 4152 (sdicunti
360 4063 554 4153 rualodum)
579 4072 748 4133 antecedit.

278 4178 359 4242 Cum
392 4180 489 4260 igitur
521 4181 551 4241 in
586 4178 750 4243 codicibus
773 4178 993 4242 vetustissimis
1015 4178 1246 4258 descriptiones
1271 4175 1342 4238 her-
