3000 4604
718 128 777 206 30

159 385 284 428 summa
308 365 462 428 veneficia
474 363 502 450 *l
527 367 867 430 demonstrationem.»
908 365 970 428 Pro
998 365 1233 427 «inventiones»
1259 365 1337 426 scri·

159 473 301 536 bendum
335 474 589 536 «inventionem»
623 494 683 556 pro
717 473 931 536 «rutundam»
968 472 1072 535 scribo
1107 471 1335 540 «rotundam»

160 579 245 642 Num
275 579 434 662 Apuleius
458 580 592 643 Plinium
624 589 754 644 secutus
786 585 855 644 est?
902 578 967 643 Cur
998 579 1052 642 illa
1083 579 1183 642 verba
1217 599 1337 661 «quam

159 689 267 750 vocari
291 708 310 749 a
334 689 382 750 dis
405 696 499 770 putat
524 688 632 770 moly»
659 709 722 751 non
746 689 890 770 scripsit?
927 686 991 751 Cur
1009 688 1115 750 omisit
1141 687 1246 749 «nasci
1263 706 1337 750 eam

159 830 201 842 -
227 795 440 859 Homerica?»
478 796 594 859 Nonne
617 798 661 860 ita
685 816 735 859 res
752 796 894 878 liquebit,
917 797 943 858 si
956 815 1122 878 ponemus,
1146 794 1199 857 illa
1217 815 1338 876 «quam

160 904 287 965 vocari»
321 904 464 967 aPlinio
495 905 565 986 ipso
598 906 721 982 addita,
752 903 833 967 haec
867 905 973 966 «nasci
999 941 1039 952 -
1064 903 1257 965 Homerica»
1293 921 1338 964 ex

160 1010 222 1073 alio
246 1010 335 1075 fonte
359 1011 400 1074 ab
425 1011 478 1074 illo
502 1010 616 1074 hausta
639 1017 730 1076 esse?
775 1012 928 1094 Reliqua,
960 1030 1045 1092 quae
1079 1018 1112 1072 et
1135 1009 1277 1096 Apuleio
1302 1017 1338 1072 et

159 1117 259 1180 Plinio
283 1120 465 1181 communia
487 1127 567 1197 sunt,
591 1121 621 1182 in
645 1119 742 1196 sonte,
767 1139 810 1182 ex
833 1140 899 1201 quo
923 1127 1059 1200 uterque
1081 1117 1195 1195 hausit,
1217 1117 1340 1197 scripta

49 1294 52 1299 ,
160 1235 261 1291 erant.
307 1226 453 1304 Partem,
488 1245 572 1309 quae
605 1248 679 1290 cum
702 1226 919 1309 Theophrasti
953 1226 1060 1289 verbis
1088 1225 1257 1301 convenit,
1293 1244 1339 1288 ex

162 1333 289 1396 Graeco
314 1334 403 1397 sonte
426 1344 587 1418 sumptam
612 1356 681 1398 esse
705 1344 851 1417 apparet.
888 1335 1004 1416 Neque
1028 1354 1105 1397 vero
1123 1333 1337 1396 necessarium

161 1450 227 1520 est,
259 1463 303 1504 ex
326 1442 556 1525 Theophrasto
584 1444 638 1507 illa
661 1446 834 1526 desumpta
857 1463 937 1506 esse.
984 1442 1068 1505 Nam
1092 1440 1338 1524 Theophrastus

160 1550 229 1632 ipse
252 1549 328 1613 dicit
355 1539 462 1631 «φασὶ
490 1532 616 1610 δἐἶναι
640 1560 700 1614 etc.

374 1674 475 1757 Apul.
770 1756 774 1762 ·
1030 1673 1108 1738 Plin.

228 1785 333 1853 LVII.
344 1783 455 1846 Herba
463 1781 636 1865 Splenion.
650 1838 658 1853 ,
670 1837 691 1855 ,,
871 1799 889 1844 2
895 1795 923 1863 5.
937 1795 990 1862 45.
1004 1788 1097 1846 locis
1109 1788 1251 1861 asperis
1264 1829 1271 1844 .
1286 1828 1292 1844 .
1307 1828 1315 1846 .
1330 1830 1338 1846 .

162 1911 205 1952 ex
222 1888 350 1953 Ciliciae
374 1899 407 1953 et
423 1890 559 1953 Pisidiae
580 1894 694 1954 monti-
804 1892 1010 1972 maximeque
1054 1910 1097 1952 ex
1137 1887 1266 1952 Ciliciae
1304 1897 1340 1952 et

162 1997 222 2060 bus
245 1997 385 2061 laudant.
428 1998 579 2061 Nascitur
602 2005 695 2062 locis
803 1999 938 2062 Pisidiae
963 1998 1124 2061 montibus
1147 1996 1287 2063 laudant.

162 2112 312 2182 aquosis
336 2115 372 2170 et
395 2100 560 2170 umectis.

270 2248 305 2313 Si
328 2250 488 2332 Apuleius
511 2251 645 2315 Plinium
668 2260 797 2315 secutus
822 2259 886 2329 est,
911 2250 1062 2332 equidem
1086 2269 1149 2311 non
1173 2248 1341 2330 intellego,

163 2359 330 2439 quomodo
347 2358 467 2422 factum
482 2361 530 2438 sit,
554 2368 589 2422 ut
605 2361 635 2422 in
652 2361 735 2438 loco,
759 2380 825 2441 quo
843 2359 945 2423 herba
960 2359 1108 2436 nascitur,
1125 2356 1339 2421 describendo

162 2474 229 2528 tam
253 2464 463 2529 vehementer
486 2469 568 2531 inter
589 2488 624 2530 se
649 2467 823 2532 differrent.

182 2691 186 2699 ,
230 2613 351 2681 LXIV.
369 2616 522 2676 Inventa
537 2619 695 2691 paeonia
743 2615 746 2695 l
871 2624 923 2692 25,
940 2627 991 2693 29.
1008 2615 1264 2675 vetustissima
1277 2614 1339 2672 in-

163 2736 300 2802 nomon
310 2725 449 2783 autoris
459 2726 601 2784 retinet.
616 2720 702 2783 Nas-
803 2729 916 2785 ventu
933 2723 1092 2784 Paeonia
1108 2727 1164 2781 est
1178 2734 1340 2781 nomen·-

164 2827 245 2890 citur
258 2825 374 2890 Cretae
391 2836 424 2890 et
439 2825 566 2891 Siciliae
582 2829 696 2890 monti·
805 2848 877 2907 que
897 2833 1057 2892 auctoris
1073 2831 1216 2904 retinet,
1241 2844 1341 2906 quam

163 2933 240 3011 bus,
278 2954 375 3015 quam
411 2934 573 2998 Homerus
607 2956 697 2998 sacer
805 2937 936 3018 quidam
952 2933 1157 3018 pentorobon
1174 2931 1342 3016 appellant

164 3049 258 3104 autor
285 3043 316 3103 in
348 3041 436 3104 libris
466 3044 529 3105 suis
560 3045 696 3106 inseruit.
806 3053 868 3117 etc,

165 3149 257 3212 Haec
294 3151 325 3212 in
361 3153 530 3214 exstremis
565 3150 697 3214 baculas

165 3256 265 3321 habet
289 3259 452 3321 acinorum
477 3259 550 3323 mali
575 3245 698 3341 g'ranati

166 3367 402 3448 magnitudine,
427 3387 511 3448 quae
534 3376 632 3430 noctu
654 3368 699 3430 sic

165 3473 290 3554 lucent,
339 3483 505 3557 tamquam
561 3475 700 3555 lucerna,

167 3583 257 3663 quod
291 3591 339 3645 est
374 3603 508 3665 granum
539 3584 628 3646 cocci
661 3583 699 3645 si-

167 3689 249 3754 mile.
288 3691 460 3754 Plurimum
484 3691 700 3774 apastoribus

167 3799 334 3870 invenitur,

276 3997 302 4065 *l
317 3997 432 4054 Confer.
454 3994 561 4068 ,theom
574 3995 715 4068 Sohopssz
734 3991 774 4051 bie
788 3991 906 4062 &broche
922 3989 1118 4060 uirtutium
1139 3987 1168 4047 in
1183 3989 1343 4061 „tssittlttns

169 4089 262 4161 Ntdrib
283 4091 368 4146 1886‘⁴
389 4107 456 4162 pag.
474 4087 526 4141 311
545 4090 596 4146 ubi
616 4087 854 4146 commemoratur
874 4082 1047 4156 „beneficia‘⁴
1076 4095 1139 4132 cum
1167 4078 1342 4159 „venefi«ia“

171 4186 374 4244 commutatum
393 4198 464 4244 esso.
