3000 4604
649 145 859 264 ‚¹2...

167 382 232 445 fors
255 382 352 450 varia,
397 390 565 462 praeterea
590 401 703 461 parum
728 390 776 443 est
800 381 938 463 singulas
962 400 1072 443 earum
1097 388 1219 443 aetates
1244 381 1340 461 pingi,

167 511 240 550 cum
274 491 512 571 quadripertitis
545 490 751 551 varietatibus
783 492 854 551 anni
890 489 1004 552 faciem
1037 498 1169 551 mutent.
1218 491 1339 562 Quare

166 605 277 660 ceteri
309 616 480 660 sermone
512 616 575 659 eas
598 601 802 677 tradidere,
834 603 949 674 aliqui
974 617 1020 659 ne
1044 602 1162 673 effigie
1187 601 1338 673 quidem

120 688 127 699 ⁴
167 709 328 767 indicata
340 715 376 767 et
388 709 498 767 nudis
511 711 732 781 plerumque
745 711 959 768 nominibus
972 710 1146 781 defuncti,
1161 710 1338 786 quoniam

163 819 251 874 satis
275 818 463 876 vitebatur
485 820 685 890 potestates
710 819 862 888 vimque
887 817 1142 875 demonstrare
1160 828 1338 887 quaerere

159 925 404 984 volentibus»
441 919 493 980 De
515 924 635 982 tribus
652 920 748 999 igitur
764 919 934 999 generibus
951 918 1091 999 loquitur
1107 917 1338 993 herbariorum,

161 1026 275 1106 quibus
311 1027 453 1088 remedia
488 1026 707 1095 tradebantur,
765 1030 931 1088 Primum
967 1045 1082 1102 genus
1114 1025 1237 1106 effigies
1268 1025 1339 1086 her·

160 1133 273 1194 barum
298 1137 400 1214 pictas
424 1116 560 1214 praebet
583 1134 768 1214 subscriptis
787 1135 943 1210 remediiS,
966 1142 1001 1195 ut
1019 1154 1082 1194 non
1099 1153 1246 1194 sermone
1264 1131 1334 1193 her-

159 1241 274 1303 barum
298 1241 420 1302 formae
445 1251 697 1322 exponerentur,
743 1241 777 1302 Iu
802 1247 966 1304 secundo
991 1258 1123 1317 genere
1148 1241 1338 1320 imaginibus

160 1369 223 1409 non
255 1349 347 1428 pictis
378 1349 484 1410 verbis
517 1348 638 1410 herbae
672 1348 939 1410 describebantur
962 1350 1111 1411 remediis
1135 1348 1336 1428 subscriptis

160 1461 324 1519 Tertium
357 1457 495 1536 denique
527 1475 641 1533 genus
670 1477 776 1537 neque
800 1454 918 1537 figuras
941 1458 1043 1537 pictas
1067 1477 1172 1536 neque
1198 1457 1337 1536 descrip-

87 1546 90 1551 ’
160 1563 264 1624 tiones
297 1565 354 1626 sed
386 1566 515 1626 nomina
542 1563 611 1626 sola
635 1562 778 1626 habebat
802 1565 950 1625 remediis
974 1564 1172 1644 subscriptis
1220 1563 1337 1627 Utrum

161 1672 191 1730 in
224 1670 288 1732 hoc
321 1691 439 1752 genere
471 1670 593 1733 herbae
625 1691 689 1732 uno
713 1673 840 1732 nomine
866 1674 984 1732 usitato
1009 1691 1048 1732 an
1073 1671 1216 1751 pluribus
1240 1692 1337 1750 syno-
1402 1649 1405 1656 ¹

160 1779 265 1857 nymis
297 1779 455 1841 indicatae
489 1779 618 1856 suerint,
651 1781 706 1841 vix
730 1781 867 1841 discerni
890 1788 1008 1861 potest.
1056 1778 1236 1840 Verisimile
1260 1799 1336 1840 sane

160 1894 224 1963 est,
261 1889 388 1948 nomine
421 1889 554 1969 proprio
585 1888 778 1968 significatas
810 1888 920 1963 suisse;
956 1888 999 1950 ob
1030 1907 1101 1948 earn
1131 1906 1215 1963 rem,
1248 1887 1336 1966 quod

161 1993 278 2055 Plinius
302 1996 407 2057 addit:
436 1997 608 2075 «quoniam
632 1997 707 2057 satis
730 1996 901 2058 videbatur
925 2004 1104 2076 potestates
1127 1996 1256 2074 vimque
1282 1995 1336 2055 de·

160 2110 339 2164 monstrare
377 2123 534 2184 quaerere
560 2103 772 2172 volentibus»
821 2103 855 2167 Si
879 2105 949 2184 quis
974 2103 1080 2165 locum
1104 2103 1280 2165 Plinianum
1305 2112 1337 2165 et

159 2208 342 2272 herbarium
359 2210 480 2290 Apulei
505 2214 754 2292 comparaverit,
778 2213 845 2274 sine
871 2211 970 2275 dubio
988 2211 1184 2274 existimabit
1203 2209 1336 2271 Plinium

158 2317 223 2378 tale
256 2318 322 2380 fere
355 2317 540 2381 herbarium
570 2321 601 2380 in
630 2321 735 2381 animo
760 2319 926 2397 habuisse,
958 2320 1053 2401 quale
1077 2319 1140 2381 hoc
1164 2327 1224 2389 est.
1270 2316 1335 2380 Sed

161 2427 343 2505 quaeritur,
377 2427 426 2487 cui
459 2426 584 2489 exiliis
609 2429 779 2508 generibus
803 2427 903 2489 tribus
926 2426 990 2489 hoc
1015 2428 1261 2490 adscribendum
1285 2428 1334 2487 sit.

159 2518 363 2595 Herbarium'
378 2535 525 2595 editionis
547 2533 698 2615 vulgatae
722 2536 851 2597 alterius
870 2537 995 2616 generis
1012 2555 1081 2597 esse
1098 2537 1224 2597 videtur
1239 2555 1336 2614 syno-

161 2641 267 2719 nymis
292 2641 419 2709 additis,
464 2640 624 2703 Herbario
650 2643 768 2704 codicis
791 2643 824 2704 V
848 2652 1106 2724 repraesentatur
1129 2644 1257 2704 tertium
1282 2661 1336 2721 ge-

160 2768 218 2808 nus
253 2749 442 2827 synonymis
475 2750 616 2813 adiectis.
666 2747 792 2812 Codicis
827 2750 1029 2812 Monacensis
1057 2749 1215 2831 Apuleius
1252 2750 1335 2810 tertii

160 2856 286 2935 generis
319 2865 375 2919 est.
424 2856 583 2920 Herbaria
618 2859 766 2920 codicum
799 2859 827 2920 L
860 2868 893 2920 et
928 2858 953 2921 C
984 2860 1077 2940 primi
1111 2859 1236 2939 generis
1265 2866 1336 2917 sunt

159 2963 327 3043 adscriptis
350 2965 546 3043 synonymis

265 3069 317 3133 Ac
341 3072 479 3151 primum
503 3092 588 3152 nego
613 3092 804 3152 synonyma,
833 3075 890 3135 etsi
923 3076 953 3136 in
987 3076 1099 3136 codice
1124 3075 1335 3135 vetustissimo

117 3190 119 3195 '
159 3177 317 3258 leguntur,
341 3200 360 3241 a
384 3181 488 3260 primo
513 3179 610 3242 libelli
634 3190 766 3243 auctore
790 3183 909 3263 scripta
934 3183 1039 3252 fuisse,
1079 3183 1227 3245 Vidimus
1252 3184 1334 3243 enim

158 3306 254 3366 supra
285 3287 326 3348 ab
359 3286 413 3349 illo
438 3287 579 3349 libellum
603 3290 633 3349 in
665 3309 757 3350 usum
781 3310 984 3352 communem
1009 3293 1151 3353 omnium
1175 3291 1334 3371 composi-

159 3402 228 3455 tum
252 3414 333 3456 esse.
382 3394 469 3475 Quid
493 3405 601 3458 autem
626 3395 807 3459 hominibus
844 3396 1011 3461 herbariae
1036 3400 1177 3479 inperitis
1202 3400 1335 3480 prodest

159 3499 332 3564 herbarum
357 3507 486 3566 nomina
501 3504 742 3586 Aegyptiorum
767 3506 818 3567 vel
838 3507 1002 3568 Dacorum
1026 3509 1127 3570 scire?
1163 3507 1198 3568 In
1223 3507 1335 3567 codice

159 3617 286 3671 vetusto
310 3611 346 3672 M
368 3633 550 3692 synonyma
575 3616 699 3684 desunt,
739 3615 774 3676 in
801 3636 841 3677 eo
866 3616 949 3676 enirn
973 3616 1059 3677 initia
1084 3615 1196 3677 harum
1221 3615 1335 3677 herba-

159 3738 229 3778 rum
253 3721 370 3781 tradita
393 3729 480 3783 sunt:
513 3721 558 3783 ΙΙΙ
588 3723 701 3803 Incipit
730 3723 992 3804 quinquefolium,
1040 3723 1096 3786 Ad
1121 3725 1197 3785 vitia
1221 3725 1334 3785 articu-

160 3822 263 3885 lorum
287 3835 347 3890 etc.

266 3938 389 4004 LXVI.
426 3937 555 3998 Nomen
579 3936 699 4000 herbae
723 3939 889 4020 bryoniae.
925 3939 980 4002 Ad
1005 3940 1157 4020 splenem.
1192 3940 1337 4008 LXXV.

159 4042 272 4123 incipit
296 4064 413 4105 nomen
438 4043 559 4106 herbae
583 4048 771 4115 senecionis,
808 4046 864 4110 Ad
889 4047 1000 4110 vulnus
1018 4058 1077 4111 etc.
1113 4048 1205 4110 Haec
1229 4050 1335 4127 capita

162 4149 310 4231 leguntur
335 4152 431 4212 etiam
455 4153 485 4212 in
510 4154 623 4214 codice
647 4154 684 4218 L.
710 4155 763 4216 ubi
782 4156 882 4217 multa
904 4176 1085 4237 synonyma
1103 4157 1229 4218 adiecta
1252 4165 1334 4218 sunt.
