3014 4620
728 164 772 252 15

647 284 860 296 —-———u

163 407 279 477 barum
303 409 424 490 desint,
455 429 637 493 synonyma
661 422 769 475 autem
794 421 827 476 et
851 413 980 475 nomina
1003 407 1150 495 praefixa
1173 409 1342 479 subditicia

160 523 234 600 sint,
258 529 368 598 restat,
392 522 428 583 ut
450 518 634 583 herbarium
661 519 782 602 Apulei
805 522 909 603 primo
934 541 1089 603 generum
1120 544 1140 585 a
1163 523 1263 586 Plinio
1287 524 1307 596 1,
1317 547 1344 589 c.

155 635 494 711 ¹commemoratorum
516 627 744 697 adscribamus,
781 626 905 710 Quodsi
929 629 960 690 in
983 630 1096 692 codice
1112 628 1148 692 M
1170 629 1344 695 herbarum

160 737 288 818 effigies
311 755 375 797 non
401 737 507 817 pictae
531 744 613 812 sunt,
638 734 783 798 librarius
808 734 997 799 difficultate
1021 738 1175 818 pingendi
1198 738 1266 801 illas
1289 741 1344 803 ad·

165 847 247 908 dere
282 842 462 926 prohibitus
486 852 541 906 est.
587 844 785 906 Posteriores
810 845 964 925 imagines
988 864 1137 908 sermone
1160 847 1347 910 indicandas

168 972 241 1016 esse
266 959 426 1034 putarunt.
462 950 523 1013 Rei
547 949 716 1014 herbariae
740 961 848 1015 autem
871 954 1031 1015 studiosus
1056 952 1178 1034 aliquis,
1202 956 1257 1034 qui
1281 975 1347 1018 ma-

165 1063 216 1143 gis
239 1079 330 1122 suam
355 1057 553 1140 disciplinam
577 1080 676 1140 quam
700 1060 778 1140 quid
802 1068 915 1122 auctor
935 1059 1033 1122 libelli
1056 1060 1216 1138 voluisset,
1240 1083 1347 1144 respe-

147 1161 231 1245 xit,
264 1187 447 1248 synonyma
478 1167 612 1232 addidit.
659 1166 733 1229 Illas
764 1166 887 1249 effigies
911 1176 1021 1229 autem
1044 1169 1073 1229 in
1099 1169 1212 1231 codice
1236 1168 1347 1232 arche·

163 1284 251 1358 typo
283 1276 385 1355 pictas
416 1274 527 1352 fuisse,
560 1283 650 1337 certo
683 1285 873 1356 argumento
898 1274 1005 1356 colligi
1030 1284 1147 1356 potest.
1195 1275 1347 1359 Inspicias

165 1382 265 1445 velim
296 1390 467 1464 utramque
499 1380 640 1462 effigiem
670 1382 796 1451 herbae¹
823 1384 941 1464 griadis
966 1383 1007 1463 (in
1032 1403 1103 1464 cap,
1129 1386 1186 1466 Ll)
1212 1406 1347 1466 quarum

165 1489 304 1554 alteram
320 1509 364 1551 ex
381 1490 494 1551 codice
510 1489 548 1566 L,
571 1489 706 1552 alteram
723 1510 766 1552 ex
783 1491 895 1553 codice
909 1488 935 1552 C
952 1498 987 1552 ut
1004 1493 1104 1571 potui,
1128 1493 1159 1552 in
1175 1490 1243 1554 fine'
1254 1492 1347 1555 huius

166 1598 267 1662 libelli
286 1597 476 1679 transcripsi.
502 1595 576 1678 Qua
589 1599 619 1659 in
636 1618 670 1661 re
683 1599 861 1660 notandum
876 1607 933 1674 est,
949 1598 1091 1679 effigiem
1105 1599 1225 1661 codicis
1239 1599 1268 1661 L
1283 1621 1347 1663 non

165 1708 344 1789 pristinam,
359 1706 418 1768 sed
440 1705 502 1767 alia
518 1726 614 1767 manu
632 1714 820 1768 renovatam
836 1725 913 1784 esse,
937 1714 972 1769 ut
988 1705 1091 1787 figura
1107 1707 1225 1769 codicis
1242 1706 1347 1771 Cma·

166 1817 216 1897 gis
230 1822 363 1876 naturae
380 1813 516 1875 accedat
532 1834 630 1894 quam
646 1815 754 1894 imago
771 1815 890 1875 codicis
901 1815 939 1876 L.
976 1812 1056 1876 Cum
1074 1823 1182 1876 autem
1199 1814 1347 1877 codexC

166 1923 211 1986 ob
236 1923 269 1985 id
292 1922 412 2002 ipsum,
436 1921 526 2001 quod
550 1920 717 1983 meliorem
741 1921 882 2002 effigiem
906 1921 1043 2003 praebet
1067 1941 1165 2004 quam
1188 1924 1346 2006 vetustior

167 2031 277 2094 codex
300 2029 345 2105 L,
373 2049 437 2090 non
461 2049 505 2091 ex
529 2029 642 2090 codice
668 2029 696 2090 L
721 2028 858 2091 describi
881 2030 1032 2110 potuerit,
1056 2029 1127 2092 luce
1152 2028 1265 2091 clarius
1289 2038 1346 2106 est,

166 2148 340 2218 utrumque
365 2137 511 2216 codicem
535 2156 579 2198 ex
602 2136 691 2199 sonte
716 2132 866 2199 haustum
889 2157 970 2215 esse,
1002 2139 1122 2218 inquo
1147 2136 1200 2199 illa
1223 2135 1346 2218 effigies

166 2249 256 2329 picta
287 2253 364 2307 erat.
411 2242 524 2324 Atque
560 2242 643 2306 hanc
677 2246 868 2306 sententiam
897 2244 1020 2327 probes
1051 2252 1200 2326 spectata
1230 2243 1345 2325 effigie,

166 2373 268 2435 quam
291 2353 333 2415 ad
357 2360 455 2433 caput
480 2354 594 2420 XXVI
619 2351 726 2415 adfixi.
774 2351 935 2414 Invenitur
962 2354 1100 2414 enimin
1124 2353 1237 2414 codice
1260 2352 1289 2413 L
1313 2360 1346 2413 et

167 2460 194 2524 C
219 2459 323 2541 figura
348 2461 509 2540 serpentis
532 2461 661 2521 nomine
689 2459 821 2541 «Lysis»
848 2460 1038 2542 subscripto
