3000 4604
731 142 830 221 27·

168 380 264 447 XIX·
289 393 319 453 4·
345 392 380 457 73
404 380 582 448 XXXVII.
602 394 636 457 3;
661 381 784 447 XLVI.
801 394 839 458 23
864 381 971 449 LXX.
1001 396 1029 455 13
1055 378 1121 459 (ubi
1137 378 1225 441 Plinii
1242 380 1343 442 verba

169 487 330 566 adscripta
351 488 445 568 sunt),

275 593 443 673 Remedia,
468 614 551 674 quae
575 602 649 656 ante
676 595 795 675 scripsi,
827 615 892 656 non
924 615 967 656 ex
990 593 1089 657 Plinio
1114 603 1243 676 sumpta
1266 615 1344 673 esse,

167 721 263 764 nemo
287 711 395 782 neget,

435 811 496 877 III.
520 808 686 886 Remedia,
711 830 891 890 quaecum
920 812 1068 874 remediis
1100 807 1188 893 apud
1211 811 1343 874 PIInium

326 918 452 998 scriptis
476 918 681 979 consentiunt·
701 926 734 979 et
758 939 802 980 ex
826 938 865 980 eo
891 920 1028 998 repetita
1053 938 1123 980 esse
1147 920 1304 988 videntur,

379 1095 477 1177 Apul.
747 1096 751 1204 Ῐ
1038 1098 1113 1162 Plin.

232 1205 343 1272 XXX.
374 1217 401 1283 7.
448 1203 504 1266 Ad
550 1206 699 1285 anginam
876 1218 927 1284 25.
966 1221 1016 1269 21.
1057 1205 1169 1268 florem
1209 1206 1343 1268 vibones

168 1311 276 1392 [quam
294 1308 410 1372 Graeci
433 1310 620 1391 synanchen
643 1332 699 1373 vo·
807 1322 942 1391 vocant,
974 1316 1028 1394 qui
1062 1312 1216 1376 collectus
1243 1316 1342 1394 prius·

166 1418 251 1500 cant]
277 1416 398 1481 herbae
425 1419 614 1481 brittanicae
638 1419 698 1481 flos
808 1441 906 1502 quam
928 1424 1069 1484 tonitrua
1093 1422 1277 1499 audlantur‚
1310 1430 1342 1483 et

166 1533 340 1607 antequam
370 1527 546 1589 tonitruum
581 1528 698 1603 audiat,
807 1529 981 1591 devoratus
1014 1549 1144 1591 securos
1175 1529 1205 1589 in
1236 1537 1341 1590 totum

165 1633 340 1696 devoratus
368 1654 427 1714 per
450 1654 569 1696 annum
592 1643 698 1697 totum
807 1656 925 1698 annum
948 1657 967 1698 a
991 1644 1077 1699 metu
1096 1637 1231 1718 anginae
1248 1655 1341 1717 prae-

113 1751 115 1755 ’
164 1741 313 1822 anginam
336 1761 401 1803 non
425 1743 620 1822 experietur.
807 1753 878 1807 stat

271 1884 430 1966 Apuleius
469 1884 570 1948 multo
610 1886 721 1948 melius
760 1889 937 1950 remedium
972 1887 1118 1969 praebet.
1178 1888 1340 1969 Equidem

163 1994 288 2071 nesci0,
324 2014 390 2074 quo
426 1995 525 2056 modo
558 1995 629 2075 quis
662 1994 775 2056 florem
811 1982 958 2077 colligat,
994 2005 1167 2076 antequam
1199 1997 1339 2058 tonitrua

164 2101 341 2179 audiantur,
365 2102 423 2163 sed
447 2104 472 2163 si
497 2122 570 2163 eum
594 2122 703 2164 secum
727 2106 913 2184 portaverit,
938 2103 1030 2166 facile
1047 2105 1204 2166 devorare
1222 2112 1338 2184 potest,

162 2216 198 2270 ut
216 2208 373 2290 Apuleius
396 2209 472 2272 vult.
509 2210 636 2273 Deinde
660 2211 761 2292 magis
784 2210 893 2291 placet
919 2212 1088 2293 «anginam
1105 2231 1169 2273 non
1191 2210 1337 2291 experie-

161 2324 233 2377 tur»
259 2336 357 2397 quam
384 2325 547 2398 «praestat
570 2337 589 2379 a
612 2327 700 2380 metu
726 2320 890 2399 anginae.»

228 2463 370 2530 XXXV.
405 2474 432 2541 5.
472 2460 528 2523 Ad
563 2461 694 2524 vulnera
872 2476 922 2543 25.
945 2465 997 2544 67.
1030 2464 1131 2525 visin
1154 2461 1337 2525 vulneribus

162 2571 310 2632 recentia.
346 2567 448 2632 herba
471 2569 633 2631 centauria
649 2569 694 2631 eI-
803 2580 893 2635 tanta
927 2582 996 2651 est,
1034 2581 1070 2634 ut
1108 2569 1337 2633 cohaerescere

161 2675 249 2739 ficax
272 2686 321 2739 est
344 2678 386 2740 ad
409 2677 522 2758 plagas
537 2675 694 2758 glutinan·
803 2681 900 2742 etiam
925 2699 1035 2742 carnes
1057 2679 1201 2755 tradant,
1233 2681 1258 2741 si
1282 2699 1335 2740 co-

161 2784 229 2862 das',
248 2792 283 2846 ut
299 2786 396 2846 etiam
413 2803 524 2846 carnes
540 2781 693 2846 cohaere·
803 2795 942 2868 quantur
965 2786 1067 2852 simul.

161 2899 224 2956 ant.
260 2893 407 2972 Itemque
431 2912 474 2953 ex
495 2912 580 2972 aqua
596 2893 693 2954 deco·

161 3000 276 3078 quitur,
285 3001 358 3062 inde
368 2997 691 3064 fomentaturvulnus

268 3161 380 3231 Diosc.
404 3164 463 3230 Ill.
495 3161 526 3226 6.
552 3149 627 3220 ἔστι
655 3149 692 3219 δὲ
720 3149 779 3220 καὶ
806 3145 1041 3246 τραυματική,
1069 3143 1157 3245 ὑγρὰ
1185 3149 1253 3241 μὲν
1280 3176 1332 3220 κο-

160 3262 279 3348 πεῖσα,
308 3252 389 3350 ξηρὰ
414 3256 450 3326 δὲ
470 3262 708 3351 προβρσχεῖσα
727 3257 785 3328 καὶ
806 3249 896 3327 οὕτω
921 3263 1076 3328 κοπεῖσα·
1106 3253 1248 3347 συνάγει
1266 3252 1334 3353 γάρ

160 3363 219 3433 καὶ
246 3367 360 3456 κολλᾷ,
389 3363 447 3434 καὶ
475 3359 523 3433 τὰ
543 3359 701 3454 ἑψόμενα
722 3364 758 3434 δὲ
778 3367 862 3460 κρέα
882 3361 1036 3455 συνάγει,
1065 3360 1129 3434 irin
1151 3392 1204 3443 τις
1225 3358 1334 3460 αὐτὴν

160 3465 272 3561 κόψας
300 3466 486 3565 συνεψήσῃ.

269 3624 362 3707 Quae
394 3626 602 3689 Dioscorides
632 3626 748 3706 habet,
784 3638 905 3691 rectam
939 3629 1129 3691 sententiam
1165 3630 1332 3710 praebent.

160 3734 273 3798 Verba
297 3733 417 3815 Apulei
450 3743 483 3796 et
506 3734 595 3797 Plinii
626 3743 734 3798 autem
762 3737 841 3798 mira
876 3737 1032 3799 videntur.
1081 3735 1137 3798 Illa
1174 3737 1331 3818 particula

163 3851 236 3905 «ut»
269 3844 475 3906 consecutiva
507 3864 636 3924 prorsus
667 3845 777 3925 inepta
807 3854 864 3906 est.
913 3844 1064 3907 Ceterum
1088 3844 1208 3926 Apulei
1232 3845 1332 3907 verba

160 3970 224 4012 non
254 3952 298 4013 ita
331 3971 404 4013 cum
428 3951 528 4014 Plinio
560 3953 780 4029 consentiunt,
812 3961 847 4014 ut
879 3971 1011 4013 necesse
1039 3952 1080 4014 sit
1103 3950 1188 4013 hunc
1212 3952 1253 4014 ab
1277 3952 1331 4015 illo

160 4066 351 4139 excerptum
376 4078 460 4135 esse;
484 4060 581 4121 Immo
605 4058 713 4121 malim
735 4066 877 4121 statuere
901 4066 1072 4140 utrumque
1096 4079 1139 4122 ex
1162 4081 1226 4122 uno
1243 4060 1331 4123 Ionte

159 4164 309 4236 hausisse.
671 4161 673 4166 ’
