3000 4604
118 423 246 511 βοηθεῖ
260 427 335 507 (scil.
356 409 579 510 ἄριστολὸχια
593 410 723 512 τρίτη).
739 417 817 486 Καὶ
827 413 1018 511 Κρατεύας
1038 409 1057 485 ὁ
1077 412 1292 511 ῥιζοτομικὸς

118 523 174 594 καὶ
205 519 338 601 Γάλλος
365 518 411 592 τὰ
442 516 535 593 αὐτὰ
561 525 640 616 περὶ
671 518 776 619 αὐτῆς
805 520 1016 620 ει’ρὴκασιν.“
1036 535 1136 617 Apul.
1161 538 1191 597 in
1215 539 1291 614 XX,

119 640 155 705 7:
194 624 269 687 «Ad
305 625 562 701 cancrinomata,
597 646 680 706 quae
716 627 746 687 in
782 626 910 688 naribus
944 635 1125 694 nascuntur,
1180 625 1292 688 Herba

117 731 320 795 aristolochia
344 753 417 794 cum
441 753 565 814 cypero
589 742 622 795 et
646 734 842 795 draconteae
858 755 968 796 semen
993 754 1066 796 cum
1083 733 1177 795 melle
1200 735 1291 814 inpo-

116 842 212 902 situm
237 841 418 902 emendat«

223 946 331 1008 Locus
360 948 559 1009 Dioscoridis
588 968 665 1009 sane
696 948 840 1010 subditus
874 958 937 1026 est,
972 950 1029 1010 sed
1061 947 1158 1010 nihilo
1190 950 1291 1010 minus

118 1055 238 1136 aliquid
262 1056 415 1117 momenti
440 1055 577 1135 praebet
601 1057 643 1118 ad
668 1075 736 1117 rem
759 1056 987 1123 illustrandam.
1025 1056 1181 1118 Videmus
1197 1059 1291 1132 enim,

118 1163 313 1224 Dioscoridis
330 1161 603 1243 interpolatorem,
621 1161 802 1240 Cratevam,
820 1163 957 1240 Gallum,
981 1162 1156 1244 Apuleium
1176 1164 1290 1225 eadem

36 1314 40 1318 -
117 1268 310 1349 praebuisse.
360 1269 417 1332 Illa
453 1270 553 1332 verba
590 1259 668 1328 «καὶ
711 1254 903 1353 Κρατεύας
946 1299 994 1310 -·
1048 1253 1224 1352 εἰρήκασι»
1272 1291 1292 1331 a

119 1376 240 1439 lectore
272 1379 481 1440 additamenti
513 1379 732 1441 antecedentis
764 1380 924 1459 adscripta
955 1397 1023 1440 esse
1056 1376 1132 1439 mihi
1160 1378 1291 1458 quidem

118 1485 287 1547 verisimile
311 1487 445 1547 videtur.
485 1484 598 1566 Atque
623 1485 690 1548 fieri
714 1488 828 1567 potuit,
852 1494 888 1548 ut
911 1484 1123 1566 interpolator
1146 1505 1190 1547 ex
1214 1483 1291 1546 Cra-

117 1601 192 1653 teva
223 1592 300 1656 illud
333 1595 514 1656 remedium
545 1602 686 1656 sumeret
716 1596 855 1656 auctoris
879 1595 1006 1655 nomine
1030 1614 1095 1654 non
1118 1578 1292 1674 adscripto¹

117 1697 216 1780 Quod
248 1703 424 1764 remedium
457 1722 529 1763 cum
563 1701 644 1764 alter
676 1702 823 1783 legisset,
854 1703 885 1762 in
910 1711 1051 1763 mentem
1075 1702 1103 1762 ei
1127 1702 1225 1777 venit,
1255 1721 1290 1762 se

118 1809 203 1870 idem
227 1810 314 1889 apud
339 1808 513 1871 Cratevam
537 1809 652 1891 legisse
676 1818 709 1872 et
732 1808 817 1870 illam
849 1818 959 1871 notam
986 1797 1063 1866 «καὶ
1101 1791 1291 1889 Κρατεύας

118 1946 164 1956 -—
198 1899 372 1999 εἰρήκασι»
399 1918 525 1986 adiecit.
562 1917 721 1980 Videatur
751 1937 828 1979 sane
852 1916 933 1978 haec
956 1917 1114 1978 sententia
1129 1916 1187 1978 tibi
1203 1915 1290 1977 haud

116 2022 302 2104 probabilis,
325 2023 389 2085 hoc
413 2026 543 2104 quidem
567 2034 689 2087 certum
713 2023 879 2098 habemus,
903 2026 991 2106 apud
1007 2023 1183 2104 Apuleium
1205 2024 1291 2086 idem

117 2131 294 2192 remedium
318 2132 465 2208 inveniri,
498 2133 588 2212 quod
612 2133 699 2213 apud
724 2132 896 2195 Cratevam
919 2133 1072 2212 scriptum
1096 2130 1172 2207 suit,
1195 2131 1290 2208 unde,

117 2257 189 2298 cum
222 2246 292 2299 tota
323 2240 403 2300 ratio
428 2237 547 2319 Apulei
581 2259 655 2300 cum
677 2241 800 2302 ratione
825 2238 983 2302 Cratevae
1007 2260 1025 2300 a
1048 2237 1148 2300 Plinio
1172 2239 1291 2300 tradita

117 2346 303 2422 consentiat,
328 2347 528 2424 crediderim,
552 2347 613 2408 alia
637 2368 769 2428 quoque
792 2347 912 2428 Apulei
937 2367 980 2409 ex
996 2346 1136 2409 Crateva
1153 2347 1290 2427 repetita

117 2472 203 2537 esse,
240 2455 298 2515 etsi
334 2474 398 2514 non
430 2474 473 2515 ex
496 2457 565 2535 ipso
590 2464 731 2533 auctore,
767 2457 799 2517 id
836 2457 925 2536 quod
960 2454 1056 2536 paula
1087 2452 1166 2515 infra
1201 2454 1288 2515 vide-

116 2560 228 2628 bimus.
276 2560 343 2624 Sed
375 2563 550 2643 interroget
582 2562 710 2643 aliquis,
743 2583 799 2624 cur
830 2584 893 2624 non
918 2583 990 2624 curn
1014 2565 1059 2625 eis
1083 2564 1289 2640 consentiam,

117 2670 170 2748 qui
202 2667 385 2731 herbarium
418 2690 461 2731 ex
492 2669 570 2732 locis
601 2670 690 2733 Plinii
720 2681 753 2734 et
783 2672 981 2734 Dioscoridis
1013 2670 1188 2733 conflatum
1221 2691 1289 2732 esse

116 2777 234 2844 dicunt.
281 2777 433 2857 Meyerus
456 2780 487 2839 in
511 2781 554 2856 Il,
578 2800 653 2860 pag.
682 2791 740 2858 325
768 2778 930 2841 Thomam
950 2777 1158 2860 Johnsonium
1182 2779 1289 2841 dicen-

115 2893 198 2962 tem,
235 2885 445 2965 Byzantinum
482 2886 577 2949 luisse
612 2886 749 2950 herbarii
785 2895 950 2948 auctorem
982 2895 1015 2948 et
1050 2883 1191 2947 libellum
1223 2887 1289 2947 eius

118 2990 243 3055 Graece
277 2995 494 3075 conscriptum
525 3004 639 3076 postea
667 2997 698 3056 in
730 3015 911 3057 sermonem
943 2994 1074 3055 latinum
1102 2992 1288 3055 translatum

116 3119 193 3177 esse,
217 3102 247 3161 in
273 3121 380 3163 errore
404 3104 522 3164 versari
547 3111 580 3164 et
612 3101 680 3164 aliis
712 3111 744 3164 et
778 3101 825 3163 his
848 3103 1044 3183 argumentis
1067 3103 1288 3164 demonstrare

116 3205 1288 3294 oemnnmffimmmmmfflmsmmmmr

116 3296 1286 3403 mssfflmmmwwmmmmwwmmmm

117 3420 284 3505 ldiebenen
307 3421 541 3510 bunbldritlen
575 3422 883 3509 bernoroessmnenen
917 3420 1099 3507 Ausculto.
1147 3422 1182 3507 2)
1212 3422 1287 3493 tlon

116 3527 1288 3618 amffiwmfflmmmmwwwmwm

116 3634 1288 3726 mffifflwwmmmmmmffimmmm

116 3745 327 3822 &telensis
350 3746 402 3833 liet)
426 3746 473 3819 bei
498 3746 579 3818 einer
595 3747 863 3832 ltldlberletunss
888 3764 947 3817 nur
973 3745 1060 3827 bunt
1083 3745 1130 3815 ein
1148 3734 1288 3816 tinniet

117 3853 278 3938 uulilfiren
302 3855 390 3940 liesse.
423 3855 589 3936 Johnsonii
609 3857 766 3918 sententia
781 3854 856 3917 mihi
873 3855 1001 3916 minime
1017 3854 1147 3933 quidem
1171 3852 1288 3933 placet,

115 3964 174 4026 sed
194 3973 383 4045 argumenta
405 3963 530 4043 Meyeri
555 3984 619 4042 non
642 3964 789 4044 probem.

223 4090 265 4152 ad
294 4091 320 4171 1)
345 4089 401 4151 Illa
425 4110 492 4151 vox
516 4110 651 4152 omoeos
676 4088 789 4174 (semel
814 4090 930 4170 legitur
955 4090 1099 4168 amoeos)
1124 4107 1288 4167 nunquam

116 4197 147 4261 in
171 4199 284 4263 codice
308 4198 345 4276 L,
368 4199 553 4283 saepissime
578 4199 608 4259 in
633 4198 706 4262 cod.
732 4197 763 4261 V
788 4218 807 4260 a
830 4199 936 4280 capite
959 4199 977 4266 I
1001 4196 1167 4279 usquead
1190 4204 1288 4278 caput
