3000 4604
504 740 968 852 Prooemium.

271 1142 305 1203 ln
329 1143 365 1204 iis
396 1148 542 1203 veterum
573 1143 765 1222 scriptorum
789 1141 895 1219 libris,
926 1142 979 1221 qui
1012 1149 1067 1203 aut
1098 1141 1256 1202 decurtati
1281 1149 1338 1202 aut

159 1248 352 1331 amplificati
366 1249 544 1332 traduntur,
569 1250 758 1310 numerandi
783 1258 857 1311 sunt
880 1250 946 1311 duo
971 1248 1050 1325 libri,
1076 1268 1221 1328 ,quorum
1245 1268 1337 1324 unus,

159 1360 213 1438 qui
237 1359 277 1419 de
302 1354 404 1421 herba
427 1358 590 1419 vettonica
614 1356 809 1433 inscribitur,
841 1356 986 1432 Antonio
1012 1355 1133 1433 Musae,
1167 1355 1256 1432 alter,
1281 1357 1336 1435 qui

159 1467 199 1527 de
224 1464 397 1526 herbarum
428 1464 690 1526 medicaminibus
724 1472 788 1540 est,
824 1463 926 1525 Lucio
955 1463 1097 1543 Apuleio
1121 1462 1335 1539 Madaurensi,

158 1572 252 1633 tribui
269 1571 361 1635 solet.¹
387 1570 545 1633 Neutrum
570 1569 685 1632 horum
701 1569 924 1631 herbariorum
941 1579 1107 1632 auctorem
1124 1589 1193 1631 esse
1210 1572 1338 1633 certum

160 1688 216 1741 est.
269 1676 397 1740 Auctor
434 1680 571 1740 incertus
609 1677 661 1738 illa
702 1679 848 1770 nomina,
886 1686 921 1739 ut
959 1678 1019 1739 sibi
1058 1677 1156 1739 fidem
1197 1687 1339 1758 pararet,

160 1786 363 1867 praescripsit
394 1795 450 1847 aut
481 1806 500 1846 a
527 1786 703 1865 posteriore
736 1784 789 1847 illa
818 1786 928 1847 addita
960 1793 1040 1847 sunt.
1087 1786 1204 1866 Neque
1229 1795 1337 1867 neget,

160 1895 214 1973 qui
238 1890 381 1955 libellum
406 1894 447 1954 de
471 1894 633 1954 vettonica
657 1900 690 1953 et
719 1891 907 1972 opusculum
932 1894 973 1954 de
998 1891 1171 1954 herbarum
1196 1895 1335 1955 medica·

160 2001 294 2061 minibus
327 2000 456 2085 legerit,
495 1999 582 2061 illum
612 1999 752 2061 libellum
785 1999 860 2061 nihil
884 2001 969 2062 aliud
1001 2002 1057 2062 nisi
1088 2010 1214 2081 partem
1245 1999 1342 2062 huius

160 2106 298 2168 herbarii
327 2128 407 2171 esse.

272 2216 361 2277 Libri
385 2224 417 2276 et
442 2216 648 2295 manuscripti
678 2224 715 2276 et
746 2217 834 2296 typis
865 2217 1009 2296 expressi
1034 2216 1198 2279 abundant
1222 2218 1337 2278 errori·

160 2323 219 2384 bus
244 2330 276 2385 et
299 2323 458 2404 praebent
480 2324 643 2403 scriptoris
675 2323 776 2385 verba
799 2323 933 2385 aliorum
957 2345 1059 2404 opera
1083 2333 1138 2385 aut
1161 2334 1255 2386 aucta
1280 2332 1337 2386 aut

162 2432 298 2498 concisa.
346 2431 462 2510 Neque
487 2431 519 2492 id
550 2432 664 2491 mirum
695 2430 847 2492 videatur
876 2433 1088 2493 consideranti
1117 2431 1193 2493 illud
1221 2430 1336 2492 herba-

108 2576 116 2590 ·
161 2540 241 2598 rium
273 2539 303 2599 in
336 2558 427 2599 usum
457 2538 666 2599 cottidianum
702 2538 843 2599 omnium
874 2539 1028 2618 scriptum
1060 2538 1164 2616 luisse,
1196 2559 1259 2598 non
1295 2539 1339 2600 ad

161 2647 277 2707 doctos
301 2646 444 2706 medicos
467 2652 624 2724 spectare.
669 2643 762 2705 Hanc
786 2647 924 2706 auctoris
948 2645 1267 2707 voluntatemiuisse
1291 2665 1335 2707 ex

161 2773 201 2814 eo
226 2760 371 2833 apparet,
396 2752 485 2831 quod
509 2753 616 2812 omnia
640 2752 781 2812 remedia
803 2754 869 2813 sine
894 2753 1093 2814 medicorum
1117 2755 1333 2816 instrumentis

160 2860 212 2921 vel
236 2860 355 2921 auxilio
379 2860 485 2940 parari
509 2868 541 2920 et
565 2858 709 2921 adhiberi
733 2869 877 2939 possunt,
910 2859 960 2922 Ea
984 2869 1092 2922 autem
1113 2840 1335 2937 medicamina,

161 2986 244 3047 quae
269 2968 467 3028 medicorum
491 2975 593 3028 artem
618 2967 809 3044 desiderant,
833 2989 852 3029 a
876 2967 1108 3059 posterioribus
1130 2969 1240 3030 addita
1264 2988 1338 3030 esse

161 3095 221 3155 pro
245 3082 334 3136 certo
359 3073 544 3136 habendum
568 3084 626 3137 est.
662 3074 697 3135 ln
722 3095 792 3156 cap.
819 3075 890 3137 XX.
915 3077 962 3140 tit.
989 3091 1006 3153 3
1032 3084 1145 3137 auctor
1168 3077 1234 3154 ipse
1259 3077 1336 3137 dicit

165 3183 326 3244 «medicos
350 3202 481 3263 quoque
504 3183 571 3243 sine
595 3202 634 3243 ea
660 3182 736 3262 (scil,
760 3183 861 3245 herba
885 3182 1100 3263 aristolochia)
1129 3182 1206 3245 nihil
1230 3182 1339 3244 facere

162 3308 288 3369 posse.»
330 3289 366 3351 ld
390 3298 517 3351 veteres
542 3310 673 3370 quoque
706 3289 775 3351 libri
811 3292 950 3352 editores
986 3289 1180 3352 intellexisse
1204 3293 1337 3353 demon-

161 3405 281 3458 stratur
304 3396 513 3478 praefatione,
546 3417 644 3478 quam
675 3399 717 3460 ab
750 3419 813 3460 uno
844 3398 969 3460 illorum
1001 3401 1228 3478 compositam,
1248 3401 1340 3479 typis

161 3505 311 3584 repetivit
336 3503 437 3573 Gottl
462 3504 548 3572 Ack.
573 3525 648 3586 pag.
679 3520 747 3585 127.
794 3505 829 3567 ln
853 3505 905 3567 illa
929 3506 1013 3566 enim
1037 3503 1209 3566 herbarum
1234 3508 1334 3568 medi·

162 3613 285 3673 camina
309 3610 490 3672 hominibus
512 3613 688 3674 medicinae
705 3614 846 3694 inperitis
863 3612 1130 3674 commendantur
1147 3633 1219 3673 cum
1236 3613 1337 3675 vehe-

162 3719 260 3779 menti
284 3719 494 3798 castigatione
518 3720 727 3796 medicorum,
752 3740 890 3800 quorum
907 3720 1064 3799 cupiditas
1088 3719 1165 3780 lucri
1190 3722 1335 3801 exagita-

161 3833 221 3901 tur,
245 3844 318 3885 cum
345 3826 524 3887 «saeviores
549 3827 622 3906 ipsis
647 3827 766 3888 morbis
790 3829 960 3892 existant.»
976 3829 999 3909 ³⁶)

273 3931 385 4012 Atque
410 3932 528 3995 multos
553 3953 596 3994 ex
619 3931 666 3995 his
700 3936 847 3996 remediis
879 3937 1032 3997 auxilium
1057 3937 1212 4016 repetisse
1236 3945 1269 3997 et
1292 3955 1339 3997 ex

161 4059 281 4119 magno
306 4022 454 4102 codicum
470 4060 604 4101 numero
622 4040 718 4102 libelli
743 4051 775 4103 et
792 4062 835 4103 ex
859 4062 908 4119 eo,
932 4045 1022 4124 quod
1039 4042 1220 4123 complures
1244 4043 1336 4104 editi·

230 4165 373 4172 --———.

269 4216 295 4282 *)
306 4215 428 4287 Scripsit
448 4215 484 4269 de
503 4215 558 4270 hac
577 4215 760 4285 praefatione
782 4217 844 4272 vu.
866 4219 940 4273 Rose
961 4220 990 4273 in
1009 4219 1106 4274 Herm.
1126 4224 1191 4273 tom.
1213 4222 1237 4273 8.
1261 4218 1341 4272 1874.
