3000 4604
662 109 717 183 33

577 217 789 225 w

207 342 354 419 Ratione,
379 361 463 422 quae
490 343 571 404 inter
594 341 727 403 Plinium
760 349 793 402 et
816 338 993 422 Apuleium
1016 339 1193 416 intercedit,
1221 358 1278 426 ex-

101 452 206 532 posita
229 451 293 511 iam
316 451 487 530 quaeritur,
521 469 597 510 num
629 450 821 511 sententiam
854 446 980 509 illorum
1003 446 1189 529 probemus,
1225 447 1279 528 qui

102 559 144 620 ab
167 556 310 638 Apuleio
333 557 531 619 Dioscoridis
564 556 662 618 libros
694 565 867 638 excerptos
898 575 966 617 esse
999 556 1191 618 existimant.
1237 553 1281 616 Et

101 664 347 728 Ackermannus
371 665 502 744 quidem
525 663 663 725 herbarii
698 672 865 725 auctorem
895 662 996 724 multa
1020 683 1064 724 ex
1087 663 1280 726 Dioscoride

104 774 256 853 repetisse
287 779 379 853 putat
411 780 444 833 et
467 770 693 852 Sprengelius,
728 772 782 852 qui
809 773 839 832 in
864 772 1012 833 editionis
1036 771 1234 833 Dioscoridis
1257 769 1280 832 I.

103 902 136 963 p.
161 879 255 942 XXII
278 881 368 942 dicit:
411 879 574 941 «Incertae
599 880 712 940 aetatis
734 880 871 959 scriptor
893 878 1068 960 Apuleius,
1101 898 1199 960 quem
1222 898 1282 939 nec

105 1009 178 1051 cum
201 987 403 1049 Madaurensi
427 1007 487 1048 nec
511 1006 584 1047 cum
598 984 694 1049 Celso
718 985 770 1048 illo
789 984 997 1067 Centuripino
1021 987 1276 1063 commutaveris,

104 1098 265 1178 congessit
300 1116 344 1157 ex
375 1097 567 1158 Dioscoride
602 1104 635 1157 et
667 1095 767 1158 Plinio
802 1094 994 1176 opusculum
1029 1096 1071 1157 de
1109 1092 1282 1156 herbarum

104 1203 383 1280 medicaminibus,
418 1205 507 1283 quod
542 1205 584 1266 ad
619 1204 815 1284 exponenda
849 1205 937 1264 varia
967 1203 1166 1265 Dioscoridis
1201 1200 1281 1278 loca,

105 1313 292 1395 praesertim
316 1313 358 1374 ad
381 1332 564 1392 synonyma
586 1311 724 1373 barbara
746 1311 855 1385 facit.»

213 1453 301 1536 Quid
324 1456 365 1517 de
389 1454 489 1517 Plinio
513 1456 719 1517 statuendum
743 1464 837 1531 esset,
860 1475 957 1536 supra
980 1456 1131 1525 diximus
1177 1454 1281 1537 Syno-

106 1583 204 1644 nyma
227 1573 334 1626 autem
357 1585 422 1625 non
450 1585 493 1625 ex
516 1565 707 1625 Dioscoride
730 1572 859 1645 sumpta
891 1583 970 1641 esse,
1006 1565 1083 1626 item
1106 1585 1203 1645 supra
1226 1565 1282 1626 de-

107 1673 362 1733 monstravimus.
410 1672 547 1733 Restant
571 1672 722 1747 remedia,
747 1672 788 1732 de
812 1671 928 1751 quibus
952 1673 1015 1732 iam
1040 1672 1281 1753 disputabimus

86 1780 197 1842 ·Idem
231 1781 427 1842 monendum
463 1788 526 1856 est,
561 1780 651 1860 quod
684 1780 725 1840 de
748 1778 849 1841 Plinio
873 1780 1072 1860 disputantes
1096 1782 1283 1858 monuimus

107 1886 208 1949 multa
231 1889 381 1964 remedia,
405 1907 489 1968 quae
514 1887 555 1948 ab
580 1885 723 1968 Apuleio
754 1885 941 1964 laudantur,
973 1907 1079 1966 neque
1112 1890 1199 1969 apud
1223 1888 1284 1950 Pli-

108 1996 194 2055 nium
217 2015 323 2075 neque
351 1995 438 2075 apud
462 1992 688 2056 Dioscoridem
711 1993 776 2074 legi
811 2002 844 2054 et
876 1993 975 2055 multa
999 1994 1040 2056 ab
1065 1993 1207 2076 Apuleio
1232 1997 1284 2058 vel

109 2103 251 2163 maxime
275 2101 405 2162 laudata
430 2121 449 2162 a
472 2101 663 2163 Dioscoride
695 2100 808 2161 leviter
831 2102 944 2181 attingi
968 2109 1001 2162 et
1025 2101 1125 2163 multa
1149 2122 1168 2164 a
1192 2103 1284 2165 Dios·
1324 2172 1335 2185 ‚

110 2211 219 2273 coride
250 2207 398 2270 laudibus
432 2207 517 2269 elata
549 2208 590 2269 ab
615 2207 759 2288 Apuleio
790 2207 929 2289 neglegi,
976 2208 1088 2289 Atque
1114 2211 1158 2271 eis
1183 2230 1284 2271 reme-

112 2319 181 2394 diis,
205 2336 289 2397 quae
305 2315 405 2377 Plinio
430 2324 463 2378 et
478 2314 621 2397 Apuleio
639 2322 673 2376 et
689 2315 871 2377 Dioscoridi
888 2319 1070 2379 communia
1084 2326 1165 2394 sunt,
1187 2338 1286 2399 supra

110 2424 253 2502 conlatiS,
277 2432 411 2486 restant:

378 2567 401 2631 I.
423 2567 472 2630 Ea
488 2568 638 2645 remedia,
655 2588 739 2648 quae
756 2576 789 2630 et
805 2569 893 2650 apud
908 2569 1133 2630 Dioscoridem
1150 2577 1183 2631 et
1198 2571 1285 2650 apud

271 2676 448 2759 Apuleium
471 2677 681 2740 inveniuntur.

293 2819 460 2904 Apuleius.
485 2798 487 2803 Ι

181 2926 260 3010 Cap.
284 2928 307 2994 I.
341 2927 422 2991 haec
452 2926 554 2991 herba
577 2933 646 2988 vet-

112 3038 239 3099 tonicae
263 3038 401 3098 nascitur
429 3037 460 3097 in
491 3035 590 3117 pratis
614 3041 647 3095 et

112 3147 145 3206 in
168 3144 338 3220 montibuS,
363 3142 441 3206 locis
464 3143 590 3204 mundis
615 3149 648 3202 et

115 3252 225 3334 opacis
264 3252 347 3312 circa
382 3250 522 3319 frutices,
568 3248 648 3310 Ani-

114 3380 185 3422 mos
230 3356 395 3421 hominum
433 3365 466 3419 et
511 3376 649 3437 corpora

115 3467 255 3531 custodit
278 3467 309 3528 in
340 3474 511 3527 nocturnas
538 3463 649 3525 ambu-

115 3575 250 3639 lationes
285 3583 318 3636 et
356 3573 429 3635 loca
467 3580 578 3634 sancta
618 3578 651 3631 et

114 3683 209 3746 busta
232 3684 329 3745 etiam
346 3683 430 3743 visos
450 3679 650 3752 metuendos

117 3800 150 3854 et
174 3792 261 3852 omni
285 3791 331 3850 rei
352 3797 463 3850 sancta
486 3795 545 3855 est,

913 2821 1127 2884 Dioscorides.

825 2950 881 3015 IV,
909 2961 938 3013 2,
991 2937 1028 3002 ἐν
1079 2928 1168 3025 ἄλλῳ
1230 2935 1288 3004 καὶ

754 3051 880 3112 ταῦτα.
910 3042 1073 3136 ζητητέον
1100 3041 1230 3131 καίτοι,
1259 3045 1293 3111 εἰ

755 3148 999 3243 Διοσκορίδον.

836 3251 1031 3350 Βεττονιιιῆ
1055 3264 1225 3344 γεννᾶται
1254 3260 1291 3325 ὲν

754 3363 1015 3458 χορτοιιιιτειόις
1051 3362 1110 3433 καὶ
1146 3355 1292 3457 ὀρεινοῖς

756 3468 878 3549 τόιτοις
922 3470 981 3541 καὶ
1022 3475 1196 3564 καθαροῖς
1233 3470 1291 3540 καὶ

757 3573 898 3674 ἡμέροις
916 3578 997 3672 περὶ
1016 3572 1063 3647 τὰ
1077 3572 1291 3672 γεννήματα.

758 3688 815 3756 καὶ
854 3680 965 3776 ψυχὰς
1003 3677 1201 3778 ἀνθρώπων
1235 3685 1292 3754 καὶ

759 3789 906 3883 σώματα
923 3789 1113 3885 φυλάττει·
1142 3817 1293 3886 νυκτερι-

759 3896 820 3978 νὰς
849 3892 1050 3993 ὁδοιπορίας
1078 3900 1137 3968 καὶ
1165 3895 1294 3977 τόπους

761 4011 960 4098 ἐπιβλαβεῐς
988 4007 1047 4077 καὶ
1081 3998 1210 4085 ἔτνους
1235 4033 1295 4094 χα-

760 4110 884 4193 λεποὺς
913 4108 1131 4209 αντενεργεῖ·
1160 4113 1218 4183 καὶ
1248 4116 1295 4190 εἰς
