3000 4604
709 90 737 173 7

246 328 446 419 „littifridus
472 330 584 404 utut
608 330 661 415 titt
686 330 798 418 tanuen
821 329 942 404 ueneni
968 352 1073 415 pauca
1088 329 1213 416 Apulei.
1229 336 1313 419 frag-

139 450 255 518 menta,
280 463 363 523 quae
395 462 439 503 ex
470 439 668 503 bibliotheca
691 439 933 503 Emmeranensi
956 442 988 502 in
1011 439 1244 505 bibliothecam
1267 465 1315 506 re-

139 551 225 630 giam
259 549 489 612 Monacensem
523 547 678 610 translata
708 556 798 625 sunt,
833 548 888 610 ubi
925 546 1006 617 Cod.
1044 547 1173 624 Monac,
1208 550 1315 615 Emer.

139 659 168 719 E
191 661 308 728 XLIII
331 657 556 738 significantur.
602 656 781 719 Notantum
814 664 861 718 est
891 657 1014 718 interea
1044 656 1107 719 alia
1137 658 1318 740 fragmenta

141 775 269 849 reperta
292 784 371 842 esse,
400 784 483 846 quae
506 764 648 826 nondum
672 764 759 825 edita
781 771 864 826 sunt.

247 871 293 936 Ut
316 873 430 948 dicam,
461 872 604 952 quidde
628 869 690 932 hac
716 871 857 932 editione
878 873 1021 949 sentiam,
1045 872 1093 933 vir
1116 873 1317 936 doctissimus
1424 958 1428 963 ,

142 984 173 1044 in
196 980 245 1044 his
269 981 364 1045 rebus
387 980 564 1042 iudicandis
587 977 797 1041 vehementer
821 981 947 1048 erravit.

250 1090 388 1152 Primum
412 1089 517 1151 dicam
541 1088 583 1150 de
607 1086 702 1148 rebus
726 1085 910 1156 levioribus,
960 1085 1024 1149 Cur
1064 1109 1142 1169 pag.
1178 1105 1190 1151 1
1218 1091 1317 1153 medi-

144 1199 279 1261 camenti
304 1197 335 1258 in
358 1215 454 1257 versu
479 1212 500 1277 9
523 1215 583 1276 pro
615 1195 771 1275 repausa,
794 1214 879 1274 quae
902 1194 1005 1257 forma
1028 1196 1177 1259 vocabuli
1201 1199 1318 1279 saepis·

141 1308 274 1369 simeln
298 1303 464 1367 codicibus
486 1302 579 1365 nobis
603 1304 750 1379 occurrit,
777 1304 937 1384 scripserit
964 1302 1136 1384 «hepatis»
1163 1303 1251 1368 haud
1274 1307 1318 1369 in·

142 1413 306 1495 tellegof)

249 1521 373 1583 ibidem
399 1521 429 1581 in
453 1539 532 1582 vers.
562 1535 599 1600 19
623 1519 731 1581 codex
754 1518 891 1600 praebet
917 1521 1106 1601 «pecturis»,
1133 1542 1197 1584 non
1224 1541 1319 1604 «pec-

144 1630 254 1692 torl5».

251 1737 308 1799 Illa
331 1757 405 1819 pars
427 1738 472 1799 sic
495 1737 635 1817 legenda
658 1755 726 1798 esse
751 1734 827 1797 mihi
850 1736 976 1798 videtur
1002 1762 1030 1800 u.
1056 1786 1063 1801 ,
1089 1787 1096 1800 .
1122 1789 1131 1806 ,
1156 1735 1320 1799 choleram

144 1854 177 1908 et
201 1845 243 1907 ad
267 1864 379 1906 omnes
404 1842 555 1906 humores
579 1844 677 1906 etad
708 1844 849 1924 pectoris
882 1842 1030 1907 dolorem
1059 1853 1091 1906 et
1115 1845 1157 1907 ad
1181 1843 1321 1907 thoracis

145 1955 174 2015 ei
197 1953 343 2035 proderit
367 1953 454 2021 omni
477 1953 615 2037 corpori,
640 1953 695 2032 qui
719 1972 793 2013 usus
816 1950 879 2014 hoc
903 1951 1063 2033 pastillum
1087 1952 1191 2015 fuerit.
1229 1953 1321 2014 Facit

146 2069 179 2122 et
212 2061 255 2122 ad
285 2060 427 2142 pericula
450 2059 598 2123 mortalia
622 2060 669 2137 (=
694 2058 974 2143 &obtigeluljtetth
1006 2062 1060 2141 qui
1084 2080 1207 2123 venena
1238 2062 1321 2123 acci·

147 2173 247 2253 piunt.
274 2168 318 2232 Et
340 2168 383 2231 ab
406 2170 492 2231 omni
516 2167 659 2249 periculo
677 2167 826 2238 liberabit
850 2176 882 2230 et
907 2169 1013 2230 omnia
1037 2167 1121 2230 mala
1145 2167 1318 2250 expellet.»

148 2278 316 2359 Leguntur
345 2277 462 2339 deinde
495 2278 526 2338 in
557 2277 670 2338 codice
704 2275 786 2337 haec
821 2276 1037 2357 »accipiuntur
1079 2277 1170 2356 quasi
1205 2275 1322 2358 pastila

149 2387 304 2467 gininus».
350 2382 495 2466 Spengel
530 2391 624 2464 putat
657 2383 861 2447 scribendum
895 2403 963 2445 esse
1005 2383 1151 2465 «pastilla
1189 2403 1322 2465 genus».

149 2492 248 2576 Quod
280 2493 359 2573 quid
388 2491 448 2553 sibi
480 2491 575 2569 velit,
611 2512 662 2553 me
691 2494 822 2573 quidem
847 2491 938 2572 fugit.
969 2489 1054 2574 ‚Aut
1077 2492 1251 2572 legendum
1274 2501 1324 2554 est

151 2598 285 2682 «pastilli
298 2618 431 2681 genus»
459 2608 515 2660 aut
541 2599 761 2681 «pastillorum
792 2619 924 2680 genus»,
958 2608 1128 2680 praeterea
1159 2601 1324 2663 restituen-

148 2709 225 2771 dum
249 2716 299 2770 est
327 2707 533 2787 «accipitur»,
558 2716 593 2769 ut
617 2705 698 2769 haec
722 2708 880 2770 sententia
895 2708 1028 2768 evadat:
1052 2705 1222 2788 Accipitur
1246 2706 1322 2787 (scil.

149 2816 251 2897 potio)
276 2815 367 2895 quasi
391 2814 509 2895 pastilli
534 2835 644 2896 genus,
668 2816 773 2877 idest
797 2816 849 2891 ita,
873 2823 908 2876 ut
931 2815 1065 2876 sumitur
1089 2834 1190 2895 genus
1209 2813 1325 2895 pastilli

149 2922 248 2985 diluti.
295 2922 422 2984 Deinde
446 2921 570 3002 legitur,
594 2923 650 2984 nisi
675 2942 727 2984 me
755 2920 833 2984 fallit
857 2923 989 2998 animus,
1020 2921 1059 2998 R,
1093 2941 1190 3003 quam
1213 2930 1326 2984 notam

151 3028 294 3111 Spengel
320 3029 474 3111 neglexit,
521 3030 555 3091 ln
580 3028 641 3091 hac
672 3038 750 3092 nota
774 3029 873 3092 latere
897 3028 974 3090 mihi
997 3030 1124 3091 videtur
1150 3029 1323 3110 «Recipe»

151 3134 303 3217 Sequitur
329 3138 474 3200 «feniculi
502 3159 612 3200 semen
639 3151 653 3217 5
680 3154 747 3215 νῖν»,
778 3146 855 3200 nota
881 3162 896 3192 α
904 3149 918 3216 5
945 3152 981 3202 νῖν
995 3162 1010 3192 »
1036 3135 1232 3217 significatur
1258 3157 1326 3199 «se-

153 3246 307 3307 muncia»
333 3265 415 3316 vers,
444 3262 478 3307 11
509 3246 651 3327 «thymi»
679 3246 883 3309 scribendum
907 3254 964 3307 est.
983 3283 1023 3292 -
1038 3264 1119 3308 vers.
1149 3258 1183 3324 15
1213 3244 1327 3307 «abro-

152 3332 236 3414 tani»
262 3354 307 3415 sic
330 3356 415 3417 enim
438 3356 545 3417 medio
577 3375 659 3416 aevo
693 3355 851 3417 dicebant.
898 3352 1042 3435 Spengel
1064 3354 1188 3434 scripsit
1214 3353 1327 3416 «abro-

152 3461 250 3524 toni.»
278 3499 318 3508 -
350 3476 387 3542 17
412 3461 597 3542 elelisphaci
621 3461 824 3523 scribendum
849 3471 906 3526 est.
934 3499 974 3509 -
999 3481 1079 3525 vers.
1099 3462 1148 3523 ,18
1172 3458 1326 3541 Spengeli

152 3570 336 3631 coniectura
369 3569 575 3632 confirmatur
607 3571 719 3631 codice
743 3569 787 3646 V,
819 3571 873 3650 qui
899 3570 1126 3632 «camedreos»
1153 3568 1261 3631 habet,
1285 3600 1325 3612 -

153 3695 227 3758 pag.
256 3693 272 3755 3
300 3697 382 3744 vers.
411 3692 427 3753 3
454 3679 714 3739 emendationem
737 3678 900 3757 postulare
924 3678 1058 3740 videtur.
1105 3677 1217 3739 Verba
1241 3676 1328 3738 codi-

153 3786 197 3845 cis
232 3785 341 3865 «quod
371 3785 439 3846 sive
472 3785 621 3845 tusimum
652 3784 764 3846 luerit»
800 3783 943 3866 Spengel
967 3792 1055 3846 recte
1079 3785 1109 3845 in
1136 3783 1329 3847 «vetustissi-

153 3912 259 3954 mum»
295 3894 450 3969 mutavit,
483 3893 541 3955 sed
573 3911 612 3954 ne
645 3893 689 3955 ita
720 3894 851 3973 quidem
875 3913 926 3955 res
950 3892 1058 3973 liquet.
1105 3892 1221 3973 Neque
1244 3893 1329 3954 enim

154 4016 366 4027 ..-.-..-—--

261 4069 288 4136 *l
307 4068 395 4138 Epor,
416 4070 511 4138 operis
530 4087 588 4123 non
608 4074 702 4124 exstat
722 4070 800 4139 apud
816 4068 905 4124 Oscae
920 4068 1033 4125 Weise:
1053 4067 1205 4140 &richilde
1223 4067 1330 4128 Issltlet

155 4158 192 4221 im
211 4158 312 4220 Buteiu.
349 4157 454 4230 uenatu
474 4159 551 4214 1882.
