3000 4604
641 234 771 241 ——-——
774 235 853 243 ———-

161 369 217 438 est,
241 361 283 422 ad
307 362 395 441 quod
432 361 718 423 «vetustissimum»
754 360 881 423 reseras.
927 359 1144 423 Adiciendum
1168 370 1215 424 est
1238 362 1333 443 igitur

160 477 234 548 post
257 468 334 530 illud
364 469 499 530 verbum
533 468 702 531 «malum»
753 467 871 531 Confer
895 467 992 549 Vulg.
1018 487 1086 548 cap.
1112 468 1277 537 CXXVII.
1305 487 1332 548 3.

161 575 214 636 ubi
238 575 390 657 legimus:
427 574 545 656 «Quod
569 577 594 637 si
618 578 846 639 vetustissimus
877 576 972 639 dolor
996 576 1098 654 fuerit,
1122 586 1204 645 etc»
1253 577 1333 641 Illud

163 685 432 746 «vetustissimus»
467 704 510 745 ex
545 682 671 746 Graeco
693 667 832 766 χρίνιος
854 683 1041 746 translatum
1065 685 1199 748 videtur.

267 792 360 860 Vers,
394 803 428 869 15
458 789 538 853 «hos
561 800 713 871 optenet»
733 793 904 872 repetitum
929 811 972 853 ex
994 794 1205 854 antecedente
1232 794 1333 873 «opti-

160 909 242 976 net»
269 901 436 962 sedidem
460 901 490 961 in
514 902 587 969 cod,
609 899 965 969 Cassinensiinvenitur.
992 938 1032 948 -
1058 921 1139 969 vers.
1163 902 1201 962 16
1219 899 1334 964 Codex

160 1008 295 1087 praebet
334 1027 412 1069 «nec
448 1009 537 1069 visua
570 1006 653 1069 mala
684 1028 801 1070 nocere
834 1016 993 1087 possunt.»
1042 1006 1186 1089 Spengel
1219 1011 1335 1072 conicit

161 1116 365 1178 scribendum
389 1136 456 1176 esse
483 1136 562 1176 «nec
586 1117 616 1176 vi
640 1135 698 1176 sua
716 1115 830 1178 mala».
855 1113 1015 1196 Equidem
1032 1117 1227 1194 praeferam:
1256 1138 1334 1178 «nec

160 1226 229 1286 visa
253 1223 337 1286 mala
360 1244 478 1286 nocere
502 1232 668 1304 possunt.»
688 1262 724 1270 -
751 1244 832 1286 vers.
863 1239 901 1305 19
928 1223 1103 1285 «insufflat»
1131 1225 1336 1287 scribendum

160 1341 209 1394 est
233 1350 291 1412 pro
319 1331 497 1400 «insuflet»,
527 1366 565 1375 --
590 1352 666 1412 pag,
690 1348 712 1407 4
736 1352 816 1400 vers.
844 1346 862 1412 7
887 1352 956 1394 esse
977 1334 1214 1394 emendandum
1239 1342 1334 1413 puto:

162 1437 303 1502 «Omnes
326 1439 495 1502 violentias
512 1461 624 1502 eorum
640 1439 722 1501 haec
738 1441 837 1501 verba
861 1441 1018 1521 <regula
1043 1443 1175 1521 optinet.
1207 1440 1241 1504 Si
1266 1443 1335 1522 quis

159 1545 258 1608 homo
283 1567 355 1609 eam
377 1547 460 1610 se>
483 1568 556 1609 cum
580 1547 736 1625 habuerit,
760 1548 801 1610 ab
826 1548 973 1609 omnibus
990 1550 1249 1629 generationibus
1271 1570 1335 1611 ser·

158 1657 301 1735 pentium
325 1665 411 1719 tutus
435 1659 523 1725 erit.»
563 1656 673 1718 Verba
696 1658 785 1718 uncis
809 1658 930 1719 inclusa
954 1658 1120 1718 inserenda
1145 1677 1215 1718 esse
1240 1667 1335 1737 puto;

160 1765 249 1845 quod
266 1765 322 1825 nisi
339 1762 460 1840 leceris,
485 1766 587 1825 oratio
612 1765 776 1844 scriptoris
793 1773 880 1827 recta
897 1764 1018 1826 carebit
1033 1766 1198 1828 sententia.
1224 1764 1336 1825 Verba

159 1892 253 1934 ame
278 1873 395 1933 inserta
419 1871 554 1952 praebet
579 1872 649 1932 cod.
671 1869 714 1948 C.‚
739 1873 793 1952 qui
818 1871 881 1934 hoc
905 1873 935 1933 in
952 1873 1057 1951 capite
1073 1873 1186 1933 mirum
1212 1873 1241 1932 in
1268 1892 1336 1932 mo-

160 1981 237 2043 dum
261 2001 333 2042 cum
359 1983 430 2042 cod.
454 1979 489 2040 M
513 1980 668 2060 congruit.
714 1979 882 2060 Leguntur
912 1981 996 2041 enim
1021 1978 1082 2040 illic
1105 1978 1201 2041 haec:
1238 1977 1335 2041 «Om-

160 2110 216 2150 nes
248 2089 416 2150 violentias
448 2107 560 2148 eorum
591 2084 672 2147 haec
704 2084 839 2148 herbula
870 2086 981 2167 regula
1014 2087 1152 2166 optinet:
1200 2084 1234 2148 Si
1267 2088 1336 2166 quis

159 2195 259 2259 homo
284 2217 355 2258 eam
380 2215 489 2257 secum
512 2194 670 2273 habuerit,
694 2195 735 2256 ab
760 2215 871 2257 omnes
892 2197 1115 2276 generationes
1138 2196 1333 2275 serpentium

159 2314 246 2367 tutus
270 2305 359 2366 erit.»
397 2304 491 2366 Voce
518 2305 724 2383 «generatio»
751 2303 818 2365 aliis
842 2304 919 2367 locis
943 2326 1007 2367 non
1032 2305 1117 2366 idem
1132 2304 1337 2385 significatur,

159 2415 248 2494 quod
274 2411 338 2474 hoc
362 2412 446 2474 loco.

267 2539 342 2601 pag,
366 2535 389 2596 4
412 2539 494 2588 vers
531 2535 564 2579 11
600 2518 753 2580 scribam:
794 2538 971 2596 «aurosum,
995 2519 1210 2580 subsimilem»
1250 2520 1336 2580 codi-

161 2650 232 2691 cem
266 2627 301 2698 C,
336 2636 464 2690 secutus
496 2646 555 2707 pro
588 2629 713 2688 «aurosi
747 2665 786 2674 -
812 2627 838 2688 B
867 2627 1032 2703 similem»,
1064 2628 1154 2707 quod
1187 2627 1257 2690 cod,
1292 2625 1336 2693 M,

160 2736 304 2818 praebet.

264 2844 334 2926 Jam
357 2845 399 2906 ad
434 2863 502 2904 rem
536 2845 688 2919 venimus
725 2845 755 2904 in
791 2862 855 2923 qua
886 2840 1095 2922 Spengelium
1126 2839 1334 2901 vehementer

164 2972 285 3014 errasse
309 2953 403 3013 certis
426 2951 622 3032 argumentis
647 2951 866 3012 demonstrare
890 2968 1065 3030 possumus,
1090 2949 1176 3010 Dicit
1200 2949 1283 3009 enim
1307 2949 1338 3008 in

162 3079 237 3142 pag.
268 3075 343 3122 122:
380 3058 429 3132 bt
464 3057 499 3141 itt
523 3057 729 3144 autqunudrt,
766 3057 827 3136 but
860 3056 949 3138 uuter
974 3055 1086 3141 lucent
1110 3055 1139 3125 b.
1165 3053 1192 3141 t).
1218 3074 1291 3136 pag.
1320 3058 1335 3124 1

164 3172 226 3239 unt
251 3169 271 3236 2
297 3167 394 3252 uidua
419 3167 476 3238 urit
499 3166 551 3237 ber
576 3165 677 3228 herba
702 3165 847 3229 basilisca
871 3183 904 3248 lu
928 3162 1004 3249 thur
1034 3161 1098 3248 but,
1134 3163 1191 3234 tute
1216 3162 1282 3234 bien
1308 3163 1340 3232 ln
1424 3156 1428 3164 '

163 3274 216 3346 ber
238 3277 370 3358 vulgata
401 3274 454 3346 ber
487 3273 559 3361 {lull
590 3273 634 3354 n.
685 3273 767 3345 litun
800 3271 887 3344 bentt
918 3271 1050 3356 turricli
1087 3289 1127 3342 un
1163 3271 1226 3342 eine
1262 3270 1340 3342 tien

163 3382 275 3469 letum
310 3382 365 3454 ben
397 3381 546 3467 blatteo,
580 3380 718 3465 uolunt]
753 3380 783 3465 ln
816 3385 914 3452 emat
946 3378 1074 3467 menno
1105 3379 1213 3454 nube,
1245 3377 1339 3449 teiln·

170 3491 245 3576 mut]
269 3509 343 3562 mun
368 3489 418 3574 tid
443 3488 527 3574 melu·
554 3489 606 3560 ber
622 3489 818 3575 tinnulum
843 3486 1016 3574 ttrrneineu,
1042 3493 1075 3558 cs
1100 3487 1139 3569 tet
1163 3487 1258 3569 'aleten
1283 3503 1342 3556 nur

169 3599 264 3672 ciuem
289 3597 524 3686 netuulenlnlen
549 3597 749 3683 tumultuin
777 3595 1016 3682 iurulentum
1049 3596 1128 3666 tenu
1160 3594 1222 3678 bnt
1255 3595 1342 3677 unler

168 3707 246 3793 ittet
275 3707 321 3778 ein
355 3707 427 3778 tnctt
458 3705 709 3792 nollittnbtnerer
742 3716 826 3788 tunt,
862 3703 979 3786 bouelt
1012 3705 1094 3789 Ion
1118 3704 1170 3774 ber
1194 3723 1343 3765 numerus

169 3819 399 3886 OOLXXXVI
434 3812 603 3902 negentur
636 3824 696 3884 nnn
719 3816 906 3883 CXXVIII.
941 3851 982 3861 —
1015 3811 1065 3892 {ln
1091 3811 1147 3883 ot.
1175 3810 1344 3884 liturnum

169 3935 237 3996 tour
269 3923 333 4009 ullo
370 3922 418 3994 cin
451 3921 671 4009 uolitantum
698 3921 866 4007 btcrunlur
897 3921 1021 4004 unieret
1046 3957 1087 3968 —
1120 3929 1208 3989 menn
1239 3916 1279 4001 tn
1314 3917 1344 3994 tn

169 4031 260 4119 lupen
285 4030 358 4116 buti
383 4069 422 4079 -
449 4029 670 4116 lirnpuleiussl‘
717 4030 771 4091 Ex
795 4030 941 4114 numeris,
970 4049 1052 4109 quos
1075 4025 1266 4107 Spengelius
1289 4026 1344 4086 ad·
1415 4054 1417 4060 ¹

167 4139 238 4224 fert,
262 4140 349 4203 nullo
375 4141 474 4202 modo
500 4139 607 4221 colligi
631 4148 739 4220 potest
774 4140 920 4201 codicem
942 4135 986 4202 M.
1023 4135 1124 4197 multo
1156 4133 1345 4214 ampliorem
