3014 4620
741 142 775 217 ll

278 375 452 440 Codicibus
476 378 643 460 descriptis
666 379 730 440 iam
753 380 795 442 ad
819 379 1019 461 propositum
1038 387 1237 441 revertamur
1252 387 1285 442 et
1302 380 1343 442 de

164 487 299 568 pristina
321 484 459 547 herbarii
483 485 586 547 forma
610 487 815 568 disputemus.

277 592 416 656 Codices
438 593 476 662 L.
496 601 529 655 et
544 592 586 656 V.
612 602 647 655 et
663 591 699 657 C.
724 592 772 655 his
795 595 825 655 in
850 595 947 657 rebus
970 595 1051 655 inter
1073 613 1108 655 se
1124 595 1342 656 consentiunt:

280 702 306 782 1)
331 698 471 781 Singulis
504 700 661 781 capitibus
695 703 929 783 praescriptum
965 710 1015 764 est
1049 721 1166 763 nomen
1203 700 1342 782 plantae,

163 810 208 871 de
234 829 298 888 qua
321 809 435 888 agitur,

276 919 306 997 2)
330 917 459 979 Deinde
482 925 659 996 sequuntur
681 915 854 979 herbarum
880 937 1073 999 synonyma.

277 1026 307 1105 3)
331 1024 417 1086 Tum
452 1024 637 1105 saepissime
672 1026 802 1102 dicitur,
841 1045 907 1106 quo
942 1045 1095 1107 quaeque
1131 1023 1234 1088 herba
1268 1025 1343 1088 loco

163 1140 326 1200 nascatur.

273 1240 305 1319 4)
330 1237 438 1320 Saepe
462 1248 589 1319 tempus
614 1239 743 1320 legendi
767 1237 930 1312 additur‚'

277 1348 306 1428 5)
330 1347 496 1410 Remedia.
547 1386 550 1393 ·

274 1452 330 1517 Ad
349 1469 365 1532 3
384 1463 454 1531 et4
478 1456 656 1518 notandum
679 1463 729 1518 est
752 1475 816 1518 non
839 1475 969 1537 semper
993 1454 1061 1517 illas
1082 1475 1135 1517 res
1156 1454 1230 1538 loco
1246 1457 1343 1518 tertio

162 1562 216 1625 vel
241 1571 359 1643 quarto
383 1572 670 1641 commemoratas,
705 1564 763 1626 sed
787 1564 947 1626 interdum
970 1564 1119 1626 remediis
1143 1562 1268 1626 adfixas
1291 1563 1343 1626 vel

166 1672 198 1732 in
222 1671 287 1733 fine
311 1671 425 1752 capitis
441 1671 584 1734 adiectas
607 1691 684 1736 esse.
708 1672 952 1753 Descriptiones
975 1670 1148 1734 herbarum
1171 1670 1343 1747 uberiores,

162 1798 250 1860 quae
281 1779 312 1839 in
346 1778 486 1840 editione
517 1778 650 1859 vulgata
681 1779 845 1861 leguntur,
877 1780 1001 1842 desunt.
1047 1778 1211 1842 Interdum
1235 1786 1344 1840 autem

164 1884 288 1949 herbae
312 1886 453 1949 breviter
477 1886 710 1956 describuntur.
746 1887 905 1970 Imagines
927 1886 1100 1950 herbarum
1123 1886 1199 1949 solis
1223 1887 1253 1947 in
1270 1887 1343 1950 cod.

162 1994 201 2057 L.
226 2002 260 2057 et
284 1992 319 2056 C.
344 1995 560 2071 inveniuntur,
592 1994 655 2057 illic
685 1996 780 2057 variis
813 1995 992 2074 coloribus,
1025 1994 1076 2057 hic
1108 1994 1218 2057 colore
1251 1993 1341 2056 fusco

163 2102 283 2184 pictae,
331 2100 504 2183 Quaeritur
526 2111 652 2180 autem,
686 2112 793 2166 utrum
816 2103 888 2167 illae
911 2112 1036 2186 partes,
1069 2123 1153 2184 quae
1177 2100 1343 2164 codicibus

163 2209 202 2287 L,
226 2209 268 2287 V,
293 2208 320 2272 C
344 2229 530 2278 communes
553 2219 642 2287 sunt,
666 2212 696 2272 in
721 2210 903 2293 archetypo
926 2212 1064 2292 scriptae
1089 2210 1204 2272 suerint
1228 2228 1340 2270 necne.

165 2317 241 2400 Qua
268 2320 299 2380 in
323 2338 358 2380 re
381 2319 552 2381 iudicanda
575 2340 639 2381 non
663 2318 902 2400 neglegendum
925 2327 991 2396 est,
1022 2320 1053 2380 in
1077 2318 1190 2380 codice
1213 2324 1342 2378 vetusto

164 2422 200 2488 M
224 2446 409 2508 synonyma
432 2447 497 2488 non
521 2427 660 2491 inveniri.
707 2426 820 2508 Atque
844 2436 878 2489 ut
902 2436 990 2489 recte
1014 2427 1055 2489 de
1080 2425 1141 2487 hac
1166 2445 1199 2486 re
1223 2424 1342 2486 iudice·

164 2554 252 2611 mus,
286 2533 377 2596 simul
407 2535 610 2597 considerare
635 2535 808 2613 debemus,
839 2535 918 2615 quid
941 2542 1054 2618 auctor
1077 2515 1175 2596 libelli
1199 2531 1344 2608 voluerit,

163 2661 250 2723 quae
284 2643 324 2704 sit
357 2642 505 2704 codicum
538 2644 726 2720 auctoritas,
758 2642 873 2723 quibus
898 2641 947 2704 'ex
970 2641 1111 2704 fontibus
1135 2660 1185 2702 res
1209 2640 1343 2703 haustae

161 2751 235 2813 sint.
284 2746 349 2812 Cur
380 2748 466 2811 hunc
490 2750 635 2812 ordinem
658 2751 832 2813 disserendi
855 2770 988 2830 sequar,
1021 2770 1065 2812 ex
1090 2754 1210 2813 futura
1235 2749 1342 2831 dispu-

160 2857 288 2920 tatione
313 2856 493 2939 apparebit.

273 2963 327 3027 Ac
358 2966 497 3047 primum
528 2966 659 3045 quidem
691 2966 912 3046 quaerendum
945 2974 1011 3042 est,
1042 2985 1119 3027 num
1151 2966 1240 3047 apud
1264 2965 1343 3029 alios

161 3074 338 3154 scriptores
377 3074 526 3153 antiquos
564 3071 712 3135 herbaria
751 3082 1062 3150 commemorentur,
1102 3073 1187 3135 unde
1223 3073 1342 3154 aliquid

163 3183 315 3244 conicere
338 3180 442 3248 liceat.
485 3180 646 3262 Equidem
670 3181 744 3244 loco
768 3181 919 3257 Plinian0,
944 3183 1032 3243 cuius
1055 3183 1118 3243 iam
1140 3179 1221 3252 Dtto
1245 3179 1341 3264 Rem:

164 3287 304 3360 dotauit
336 3286 388 3358 itt
419 3285 566 3368 &rieden
597 3286 800 3360 sublitium
831 3309 906 3370 pag,
938 3289 1000 3349 228
1036 3291 1232 3351 mentionem
1255 3289 1339 3366 fecit,

161 3395 249 3459 hanc
287 3416 355 3459 rem
391 3395 536 3458 illustrari
572 3396 646 3458 mihi
685 3417 873 3478 persuasum
905 3405 963 3459 est.
1009 3396 1163 3478 Legimus
1197 3399 1281 3459 enim
1312 3399 1342 3459 in

161 3505 254 3568 Plinii
285 3504 361 3574 Nat,
393 3504 476 3567 Hist.
509 3504 563 3573 lib.
597 3518 635 3584 25
670 3505 688 3586 S
714 3506 732 3566 8
757 3526 803 3586 sq.
828 3503 926 3566 haec:
963 3504 1112 3591 «Praeter
1143 3503 1202 3566 hos
1227 3504 1342 3569 Graeci

162 3622 317 3680 auctores
348 3614 532 3695 prodidere,
557 3634 639 3694 quos
663 3614 727 3675 suis
751 3613 828 3675 locis
852 3613 1006 3690 diximus,
1038 3632 1081 3677 ex
1105 3610 1152 3675 his
1176 3612 1341 3683 Crateuas,

160 3722 352 3803 Dionysius
374 3719 582 3783 Metrodorus
607 3723 729 3784 ratione
753 3721 958 3784 blandissima
981 3721 1041 3783 sed
1065 3742 1129 3801 qua
1145 3720 1221 3782 nihil
1238 3741 1342 3803 paene

161 3830 252 3893 aliud
292 3848 390 3909 quam
428 3828 598 3892 difficultas
636 3831 680 3891 rei
719 3829 932 3910 intellegatur.
987 3835 1141 3907 pinxere
1180 3847 1342 3905 namque

161 3942 305 4014 effigies
328 3941 530 4001 herbarum
555 3946 666 4014 atque
690 3943 741 4001 ita
764 3943 1016 4015 subscripsere
1036 3939 1205 4017 effectus;
1230 3956 1342 3998 verum

162 4054 196 4109 et
221 4047 349 4126 pictura
372 4044 471 4107 fallax
499 4054 547 4107 est
579 4044 756 4123 coloribus,
784 4055 852 4108 tam
883 4047 1058 4108 numerosis
1091 4046 1288 4128 praesertim¹
1310 4047 1341 4107 in

163 4152 417 4217 aemulationem
453 4162 603 4231 naturae,
638 4153 839 4236 multumque
863 4154 1041 4234 degenerat
1065 4152 1342 4217 transcribentium
