3000 4604
376 402 477 485 Apul.

225 513 333 601 XLII,
375 527 401 575 1.
448 510 504 574 Ad
539 513 691 575 tertianas

158 620 225 681 sive
250 604 431 699 quartanas,
468 618 602 682 herbam
626 626 691 683 lin·

159 745 268 803 guam
285 732 404 807 boviS,
423 747 507 809 quae
523 736 587 790 tres
602 726 692 808 thyr-

159 853 211 896 sos
223 834 349 895 seminis
357 835 461 912 mittit,
475 835 541 897 eius
552 836 694 897 radicem

160 950 263 1003 totam
287 960 331 1003 ex
354 962 439 1022 aqua
463 943 611 1022 decoque
635 963 693 1022 po·

160 1049 205 1109 tui
245 1049 338 1111 dato:
379 1050 544 1112 remediat.
600 1048 694 1130 Quae

161 1164 269 1217 autem
283 1164 437 1236 quattuor
445 1154 574 1236 thyrsos
586 1154 694 1234 habet,

162 1262 257 1324 saciet
281 1263 322 1324 ad
339 1271 528 1343 quartanas;
552 1264 643 1326 dabis
659 1273 694 1327 ut

161 1390 267 1450 supra,
316 1368 392 1431 Alia
422 1371 498 1432 item
526 1369 627 1434 herba
654 1373 693 1433 si-

162 1477 244 1538 milis
268 1484 318 1539 est
341 1478 387 1554 ei,
416 1497 499 1558 quae
524 1483 611 1543 lolia
635 1486 693 1543 la·-

162 1588 265 1662 pathi
290 1589 359 1647 lert
378 1591 539 1665 minuta;
564 1588 631 1649 eius
647 1609 695 1650 ra-

163 1692 220 1753 dix
243 1701 323 1773 pota
346 1695 428 1755 ranis
444 1701 477 1755 et
492 1695 695 1776 serpentibus

46 1877 47 1880 Ἴ
163 1800 359 1862 adversatur.
385 1806 554 1864 Nascitur
569 1820 695 1865 mense

163 1912 275 1970 duli0.

1026 403 1105 467 Plin.

869 525 920 592 25.
946 514 999 582 81,
1023 513 1110 574 aiunt
1133 532 1217 593 quae
1243 516 1335 590 (scil.

802 623 1055 700 cynoglossos)
1101 628 1165 682 tres
1203 618 1335 699 thyrsos

802 731 907 791 mittat
922 729 989 790 eius
1006 729 1146 790 radicem
1162 734 1275 808 potam
1292 746 1336 789 ex

801 857 886 917 aqua
917 837 958 898 ad
988 836 1140 898 tertianas
1170 835 1335 915 prodesse,

802 964 886 1024 quae
910 951 1063 1025 quattuor
1086 943 1128 1005 ad
1152 951 1333 1024 quartanas,

801 1049 859 1114 Est
891 1060 923 1113 et
956 1051 1017 1113 alia
1044 1049 1152 1112 similis
1176 1051 1221 1126 ei,
1252 1068 1336 1129 quae

802 1163 871 1221 fert
902 1165 1032 1237 lappas
1056 1164 1227 1220 minutas.
1268 1158 1336 1218 eius

803 1268 896 1329 radix
919 1274 999 1347 pota
1022 1267 1105 1328 ranis
1130 1273 1163 1327 et
1180 1266 1335 1345 serpenti-

802 1374 862 1436 bus
885 1375 1080 1438 adversatur.

274 2049 364 2116 Conl.
390 2054 500 2116 Diosc.
526 2054 582 2124 lv,
613 2055 673 2116 126
696 2057 727 2116 in
751 2057 858 2136 spuria
889 2063 995 2136 parte:
1023 2037 1244 2131 «Συνάγεται
1300 2042 1337 2112 δὲ

165 2168 203 2233 ἐν
229 2158 373 2257 Ἰουλλίῳ
401 2166 494 2262 μηνί.
556 2169 650 2238 Φασὶ
692 2168 728 2238 δὲ
769 2165 854 2262 πρὸς
896 2167 973 2263 ῥίνη
1013 2174 1213 2240 λυσιτελεῖν·
1252 2169 1338 2267 πρὸς

163 2293 231 2383 μὲν
271 2300 445 2386 τριταῖον,
487 2302 551 2363 τοῦ
594 2293 730 2382 ἔχοντος
771 2288 989 2384 βουγλώσσων
1026 2290 1056 2384 γ’
1085 2291 1229 2375 navioth
1259 2288 1338 2391 ὅλην

165 2413 408 2514 ἀποτριτώσας
421 2416 514 2511 μετὰ
529 2428 599 2490 τῶν
614 2427 714 2513 ῥιζῶν
728 2420 787 2490 καὶ
805 2428 869 2489 τοῦ
888 2422 1088 2515 σπέρματος
1103 2417 1167 2517 τὴν
1175 2417 1339 2520 βοτάνην

165 2527 261 2597 dldov
287 2534 393 2618 πιεῖν,
422 2536 486 2597 τοῦ
514 2527 550 2597 δὲ
578 2529 752 2616 τέσσαρας
781 2527 917 2615 ἔχοντος
944 2536 994 2619 τῷ
1021 2528 1297 2622 τεταρταίζοντι.

271 2663 307 2728 Si
331 2668 401 2746 quis
424 2665 531 2728 locum
554 2665 673 2747 Apulei
698 2674 731 2727 et
754 2665 842 2727 Plinii
867 2664 989 2750 legerit,
1023 2668 1090 2728 sine
1114 2666 1212 2729 dubio
1237 2667 1338 2729 addu-

166 2784 264 2853 cetur,
288 2782 323 2835 ut
347 2775 457 2836 credat
480 2772 565 2835 hunc
589 2775 630 2837 ab
654 2773 709 2836 illo
734 2783 925 2856 excerptum
949 2794 1028 2838 esse.
1076 2773 1110 2838 Si
1135 2775 1206 2855 quis
1230 2783 1338 2836 autem

165 2882 279 2958 verba,
313 2902 397 2963 quae
421 2883 451 2943 in
473 2883 581 2962 spuria
605 2892 697 2963 parte
720 2883 918 2945 Dioscoridis
942 2883 1106 2964 leguntur,
1130 2883 1339 2963 perpenderit

167 2990 208 3052 ab
243 2989 304 3052 hac
340 2991 491 3070 opinione
529 2992 669 3056 recedet.
718 2990 873 3052 Videmus
909 2992 993 3052 enim
1029 2999 1061 3052 et
1095 2989 1271 3071 Apuleium
1306 2998 1340 3052 et

167 3098 432 3179 interpolatorem
449 3098 648 3160 Dioscoridis
668 3099 699 3159 in
715 3098 812 3176 sonte,
837 3119 879 3160 ex
896 3119 961 3178 quo
978 3096 1166 3174 hauserunt,
1183 3118 1230 3174 ea,
1255 3117 1339 3177 quae

166 3216 367 3288 proponunt,
399 3227 464 3268 non
496 3208 537 3269 de
561 3206 662 3269 herba
687 3214 906 3286 cynoglosso
929 3207 988 3268 sed
1013 3207 1053 3267 de
1077 3211 1253 3282 buglosso
1278 3205 1340 3266 dici

78 3296 81 3301 ¹
166 3315 334 3384 invenisse,
381 3314 415 3376 ln
447 3314 500 3377 illo
533 3315 621 3377 sonte
644 3317 762 3397 scripta
786 3335 918 3396 quoque
943 3322 1033 3375 erant
1056 3313 1156 3375 verba
1182 3313 1341 3374 «nascitur

168 3443 277 3485 mense
298 3422 409 3503 Julio,»
444 3443 528 3504 quae
562 3424 677 3485 Plinius
710 3444 774 3485 non
806 3422 913 3485 habet.
960 3421 1013 3483 Ex
1044 3420 1108 3482 hoc
1140 3422 1236 3502 igitur
1266 3418 1340 3481 loco

169 3540 314 3612 apparet,
339 3540 371 3593 et
395 3532 528 3593 Plinium
553 3541 585 3594 et
609 3530 788 3612 Apuleium
812 3540 845 3593 et
861 3530 1125 3611 interpolatorem
1142 3528 1342 3591 Dioscoridis

168 3642 306 3703 eundem
330 3648 496 3702 auctorem
519 3648 646 3701 secutos
671 3659 750 3708 esse.

233 3751 373 3817 XLVII..
389 3763 418 3811 2.
436 3749 478 3810 ad
495 3749 606 3829 capitis
622 3747 701 3810 frac-

167 3866 281 3924 turam,
294 3855 395 3918 herba
404 3854 548 3936 xiphion,
556 3857 702 3936 superior

877 3759 929 3824 25.
974 3747 1043 3824 138,
1084 3746 1229 3826 superior
1268 3763 1342 3824 pars

810 3856 876 3916 eius
910 3871 994 3917 cum
1018 3863 1099 3916 ture
1131 3854 1205 3915 trita
1235 3872 1341 3932 aequo

168 3986 242 4046 pars
275 3966 341 4027 eius
367 3965 444 4026 trita
475 3966 559 4026 sicca
590 3966 701 4045 aequis
750 3936 752 4047 l
809 3963 953 4043 pondere
985 3963 1130 4024 admixto
1163 3962 1237 4022 vino
1269 3981 1343 4023 ossa

168 4072 366 4154 ponderibus
382 4074 484 4135 mixta
499 4074 573 4135 vino
590 4074 702 4154 capitis

170 4202 241 4249 ossa
274 4180 375 4247 fracta
407 4179 562 4258 extrahit,
595 4189 650 4245 aut
676 4181 702 4241 si

810 4071 911 4133 sracta
948 4071 1054 4151 capite
1102 4067 1242 4130 extrahit
1288 4077 1344 4130 aut

811 4178 966 4264 quidquid
983 4179 1013 4239 in
1030 4196 1165 4261 corpore
1190 4185 1344 4261 supparat
