3000 4604
720 93 778 179 to

644 214 854 223 ..--—-——-

160 332 246 421 illud,
278 338 319 406 de
352 363 418 424 quo
451 340 514 403 iam
537 338 638 404 Leon.
669 338 862 422 Spengelius
894 338 1077 421 disputavit.
1124 332 1247 421 Sermo,
1280 340 1337 426 qui

161 448 212 512 hic
235 451 328 513 nobis
352 451 498 527 occurrit,
522 449 610 511 haud
634 450 719 511 idem
743 456 799 525 est,
834 468 900 529 quo
926 451 1024 511 utitor
1047 470 1140 512 verus
1164 461 1277 515 auctor
1300 453 1337 516 li·

160 557 251 620 belli:
278 559 354 639 ipsa,
378 559 499 620 tamdiu
525 595 565 606 —
584 557 745 637 quamdiu,
769 576 1028 637 perconsumere,
1053 558 1243 639 infrigidare,
1268 561 1336 624 ole-

161 686 214 728 um
238 686 409 728 commune
432 664 519 727 nullo
543 664 618 727 loco
643 666 782 746 genuino
806 664 926 746 Apulei
951 665 1109 747 leguntur,

268 771 355 853 Quid
378 773 438 834 sibi
462 772 538 834 velit
569 792 718 834 numerus
749 775 808 848 IX,
842 774 896 853 qui
928 775 1089 836 antecedit
1115 774 1336 854 «conficitur»,

161 881 312 960 equidem
335 900 400 941 non
423 879 586 961 intellego
622 880 684 942 Pro
711 885 965 957 «Septatium»,
997 882 1086 962 quod
1110 884 1218 945 codex
1241 904 1336 964 prae-

159 987 224 1064 bet,
247 987 384 1050 scribam
411 992 670 1066 «Sepiasium.“

266 1096 348 1157 Puto
373 1094 437 1157 hoc
461 1104 558 1176 caput
583 1115 626 1157 ex
649 1095 757 1177 aliquo
781 1094 890 1158 libello
917 1116 1037 1173 eorum,
1071 1098 1112 1159 de
1137 1097 1251 1178 quibus
1274 1099 1336 1160 Pli-

160 1205 228 1264 nius
254 1220 304 1282 34,
335 1204 394 1264 108
419 1205 577 1284 queritur,
602 1205 773 1284 repetitum
798 1224 876 1266 esse.
924 1205 1011 1266 Dicit
1034 1206 1118 1266 enim
1142 1204 1161 1273 l.
1187 1225 1215 1273 c,
1254 1206 1337 1268 «At-

161 1330 224 1391 que
255 1309 337 1372 haec
370 1312 476 1372 omnia
510 1312 745 1392 medici-quod
778 1332 859 1392 pace
892 1332 1003 1373 eorum
1027 1313 1147 1374 dixisse
1171 1312 1267 1375 liceat
1294 1351 1335 1361 -

160 1419 317 1498 ignorant,
341 1439 416 1500 pars
439 1421 541 1481 maior
564 1427 657 1500 paret
684 1420 880 1495 nominibus;
914 1421 944 1480 in
975 1428 1099 1481 tantum
1124 1440 1143 1482 a
1166 1420 1338 1482 conficien-

162 1526 209 1587 dis
233 1526 496 1589 medicaminibus
520 1529 555 1589 iis
579 1527 710 1604 absunt,
745 1528 833 1608 quod
865 1547 935 1589 esse
967 1529 1134 1608 proprium
1157 1529 1338 1608 medicinae

161 1632 296 1697 solebat.
342 1654 440 1697 nuno
464 1641 635 1712 quotiens
667 1640 831 1698 incidere
855 1641 893 1698 in
916 1640 1076 1714 libellos,
1110 1654 1338 1714 componere

162 1761 208 1805 ex
231 1748 290 1805 his
313 1749 485 1806 volentes
509 1748 633 1820 aliqua
657 1743 720 1805 hoc
737 1752 784 1805 est
804 1743 968 1823 impendio
992 1745 1179 1806 miserorum
1195 1746 1338 1825 experiri

163 1852 407 1926 commentaria,
444 1855 601 1913 eredunt
633 1855 820 1928 Seplasiae
854 1851 961 1912 omnia
996 1850 1159 1912 fraudibus
1194 1871 1339 1913 corrum-

161 1959 280 2037 pentia
314 1956 458 2027 'Conlen
485 1955 634 2020 adhunc
659 1956 766 2019 locum
792 1956 939 2020 «Urlichs
963 1958 1091 2027 Vindic,
1138 1958 1215 2023 Plin.
1239 1958 1277 2022 Π.
1302 1981 1337 2041 ρ,

163 2064 237 2132 216,
284 2064 346 2126 Hic
372 2067 640 2128 «commentaria»
668 2066 755 2146 (que)
788 2067 1063 2147 transponendum
1088 2087 1158 2129 esse
1181 2076 1337 2132 autumat.

161 2170 228 2235 Sed
252 2181 373 2234 rectam
397 2176 586 2235 sententiam
610 2173 746 2255 praebet
771 2175 887 2236 oratio:
915 2173 998 2236 «hoc
1022 2183 1070 2237 est
1090 2176 1253 2257 impendio
1277 2176 1336 2236 mi-

161 2299 304 2341 serorum
329 2282 468 2361 experiri
492 2283 751 2345 commentaria.»

269 2386 305 2451 C.
336 2391 463 2457 XVIII.
496 2405 527 2464 4,
571 2387 646 2450 «Ad
676 2388 808 2450 vulnera
838 2390 971 2458 narium.
1019 2388 1121 2453 herba
1152 2391 1337 2473 cyclaminis

162 2497 254 2558 radix
277 2497 405 2573 siccata,
428 2505 520 2558 tunsa
544 2504 576 2558 et
600 2495 722 2557 cibrata
745 2516 818 2557 cum
843 2500 979 2575 ‚,licio“
1013 2507 1074 2563 etc.
1110 2497 1216 2560 licium
1248 2500 1337 2580 inep-

161 2614 228 2665 tum
255 2623 332 2680 esse,
356 2624 452 2665 nemo
476 2624 540 2665 non
564 2602 729 2684 intellegit,
769 2601 982 2667 Scribendum
1007 2625 1078 2668 esse
1102 2615 1182 2687 puto
1209 2605 1335 2688 «lycio»

162 2711 244 2775 conf.
277 2710 371 2789 Cels,
403 2713 457 2792 qui
480 2713 511 2772 in
544 2710 611 2774 libr.
635 2713 707 2779 Vll.
739 2731 810 2792 cap.
840 2728 887 2785 11,
911 2713 966 2774 ubi
990 2714 1031 2776 de
1056 2703 1192 2785 οἴζαινα
1222 2715 1337 2795 agitur,

162 2820 254 2881 dicit:
292 2819 365 2881 «ubi
395 2840 493 2900 purus
518 2817 594 2898 (scil.
620 2817 709 2880 locus
732 2821 815 2881 naris
839 2822 938 2901 aegri)
964 2832 1020 2898 est,
1044 2820 1130 2902 lycio
1154 2823 1196 2884 ad
1219 2823 1336 2885 sanita·

161 2935 227 2987 tem
251 2927 523 3006 perducendum.»

270 3032 305 3101 C.
330 3036 402 3102 LX,
429 3048 458 3102 2,
494 3032 569 3095 «Ad
601 3042 771 3113 quartanas
804 3035 937 3097 ieiunus
962 3043 1065 3113 potui
1088 3044 1209 3100 teris»
1260 3037 1338 3102 Sine

162 3142 261 3204 dubio
284 3140 487 3202 scribendum
512 3148 575 3202 est:
600 3141 716 3204 ieiuno
740 3143 831 3222 potui
856 3147 992 3206 dabis»

267 3249 401 3313 lbidem.
429 3248 575 3309 «Deinde
599 3248 630 3309 in
661 3269 746 3329 aqua
777 3249 880 3311 calida
908 3252 1050 3313 eiusdem
1074 3254 1215 3314 radicem
1239 3253 1338 3315 deco·

163 3377 234 3437 que,
266 3365 301 3418 ut
332 3356 438 3419 bibat:
473 3355 667 3418 miraberis»
717 3355 804 3437 Quid
841 3367 950 3438 potest
982 3379 1052 3421 esse
1079 3362 1216 3441 ineptius
1239 3381 1338 3442 quam

162 3464 225 3526 hoc
261 3466 311 3526 «in
343 3484 427 3545 aqua
458 3463 604 3526 calidan?
650 3463 705 3524 An
738 3465 808 3544 quis
823 3516 827 3522 .
842 3466 1005 3546 decoquat
1036 3468 1067 3529 in
1096 3488 1180 3548 aqua
1204 3468 1338 3549 frigida?

162 3571 324 3653 Scriptum
348 3571 406 3633 suit
432 3573 482 3634 «in
506 3575 701 3634 caldaria».
750 3569 831 3634 Cum
863 3573 945 3636 haec
976 3594 1044 3636 vox
1067 3584 1220 3657 corrupta
1243 3578 1283 3639 sit
1307 3577 1339 3638 in

165 3680 319 3756 «calida»,
343 3679 496 3741 adiecisse
520 3680 646 3742 videtur
670 3679 784 3759 aliquis
808 3685 935 3762 „aqua“.

270 3785 307 3855 C,
330 3789 454 3856 XCIII.
480 3803 510 3865 3.
542 3787 761 3863 „Medicamen
786 3787 915 3851 conficis
939 3791 979 3851 de
1003 3791 1120 3870 nepita,
1155 3792 1182 3853 si
1205 3809 1338 3856 uscum

163 3904 196 3956 et
218 3896 336 3956 siccum
360 3893 526 3975 pulverem
550 3895 706 3957 admisces
730 3896 822 3958 eius.“
866 3895 952 3977 Quid
975 3898 1015 3959 sit
1038 3903 1193 3977 „uscum“,
1217 3901 1339 3967 nescio.

163 4000 319 4064 Conicere
342 4001 437 4064 liceat
462 4004 693 4080 „muscum.“
719 4002 742 4083 ³⁶)

163 4127 375 4135 ------

269 4161 306 4229 (*)
326 4181 352 4218 ν.
367 4160 486 4217 Christ:
506 4161 656 4230 „viseum‚“
678 4161 708 4214 id
728 4162 804 4232 quod
823 4163 892 4216 mihi
911 4181 1024 4235 quoque
1046 4167 1137 4238 magis
1156 4167 1263 4238 placet.
