3000 4604
696 150 755 224 37

240 382 332 445 Haec
367 402 499 464 quoque
536 403 609 464 pars
632 385 831 448 Dioscoridis
866 384 974 464 spuria
1000 392 1058 446 est.
1100 373 1182 445 Cum
1214 382 1307 465 Apu·

134 490 212 551 leius
238 498 270 552 et
293 490 645 559 Pseudo-Dioscorides
674 493 761 554 etin
786 493 934 554 remediis
958 499 991 553 et
1013 492 1203 572 synonymis
1227 492 1309 552 inter

133 618 168 659 se
193 599 402 676 consentiant,
427 600 574 660 conicere
600 598 674 661 licet
698 601 729 660 in
754 601 851 684 sonte,
876 620 919 661 ex
943 618 1009 679 quo
1033 607 1170 679 uterque
1193 596 1307 675 hausit,

134 713 167 766 et
190 703 243 766 illa
265 726 447 786 synonyma
470 715 503 768 et
526 708 669 768 remedia
690 708 812 789 scripta
835 707 941 768 luisse.

241 817 334 876 Ibid.
361 826 390 894 7.
416 822 448 875 et
482 813 592 882 Diosc,
630 815 735 883 HI.6
770 835 867 894 supra
902 834 977 895 pag.
1018 814 1054 874 18
1091 813 1308 889 tractavimus

134 919 188 981 ubi
205 921 340 982 vidimus
357 940 428 982 eam
445 929 580 1002 partem,
596 923 637 984 de
650 942 715 1003 qua
731 924 845 1003 agitur,
869 924 1010 1002 spuriam
1024 940 1103 983 esse.
1142 921 1225 982 Fere
1240 941 1308 983 om-

135 1047 191 1088 nes
214 1029 310 1108 igitur
333 1036 451 1109 parteS,
475 1030 505 1090 in
530 1029 646 1110 quibus
670 1030 878 1092 Dioscorides
911 1049 984 1091 cum
1008 1028 1152 1110 Apuleio
1176 1048 1309 1090 consen-

135 1137 182 1220 tit,
207 1137 330 1217 spurias
354 1156 424 1198 esse
447 1137 593 1200 vidimus¹
632 1137 675 1199 Et
699 1158 745 1215 ea,
770 1158 853 1217 quae
874 1139 1001 1218 utrique
1024 1137 1205 1198 communia
1228 1145 1309 1213 sunt,

135 1264 240 1324 neque
264 1242 440 1325 Apuleium
471 1265 514 1306 ex
545 1244 778 1326 interpolatore
802 1245 999 1308 Dioscoridis
1027 1264 1132 1325 neque
1146 1243 1242 1306 hunc
1266 1265 1310 1306 ex

135 1351 188 1414 illo
219 1349 359 1413 hausisse
391 1354 698 1430 demonstravimuS,
733 1355 790 1414 nisi
822 1353 905 1415 sorte
930 1354 1000 1433 quis
1024 1354 1181 1434 opinatur,
1217 1351 1310 1434 Apu·

135 1459 230 1521 leium
254 1459 321 1521 illas
352 1460 436 1541 ipsas
471 1462 594 1541 spurias
626 1469 734 1542 partes
765 1462 1016 1544 transcripsisse,
1051 1461 1085 1522 id
1109 1460 1198 1540 quod
1222 1458 1309 1521 haud

135 1567 304 1629 verisimile
329 1577 387 1638 est,
434 1566 516 1631 Sunt
547 1571 631 1630 enim
665 1569 726 1631 alia
752 1568 853 1631 verba
885 1569 1014 1631 subdita
1037 1569 1125 1650 apud
1147 1569 1310 1630 Dioscori-

136 1677 211 1738 dem
247 1677 379 1757 scripta,
416 1697 500 1758 quae
536 1676 695 1759 Apuleius
730 1698 794 1739 non
829 1679 969 1740 imitatus
1005 1684 1052 1739 est
1086 1695 1192 1757 neque
1226 1683 1311 1738 tran-

134 1784 267 1865 scripsit.
954 1825 956 1828 v

403 1894 447 1960 ΙΙ.
472 1891 638 1969 Remedia,
673 1912 757 1973 quae
789 1892 830 1954 ab
859 1892 1001 1974 Apuleio
1037 1893 1139 1973 magis
1176 1889 1310 1973 amplifi-

297 2007 369 2061 cata
392 2000 560 2062 traduntur
584 2020 682 2081 quam
705 2022 724 2062 a
747 2002 952 2069 Dioscoride,

242 2107 373 2168 Praeter
397 2127 455 2184 ea,
490 2127 575 2188 quae
598 2128 711 2188 supra,
749 2127 822 2169 cum
846 2108 888 2170 de
911 2107 1012 2170 Plinio
1037 2106 1203 2188 agebatur,
1235 2126 1310 2168 con·

135 2216 256 2296 scripta
278 2223 359 2292 sunt,
383 2213 465 2276 haec
488 2223 668 2276 memoratu
692 2217 791 2298 digna
814 2216 977 2278 videntur:

349 2322 449 2405 Apul.

203 2452 229 2519 Ι,
255 2464 308 2528 23.
347 2448 403 2511 Ad
426 2449 553 2510 vesicae
577 2449 669 2510 dolo·

136 2576 212 2621 rem.
229 2555 350 2619 herbae
362 2557 544 2619 vettonicae
556 2556 669 2618 drach-

136 2685 204 2727 mas
237 2672 406 2745 quattuor,
441 2664 519 2744 appi
547 2665 669 2726 radices

137 2771 306 2835 drachmas
318 2780 383 2834 tres
395 2772 554 2851 decoque.
578 2771 670 2852 Appi

137 2882 260 2942 radices
291 2880 321 2940 in
352 2879 494 2940 sextario
528 2879 570 2939 ad
605 2899 670 2940 me-

137 2988 205 3051 dias
243 3008 316 3049 cum
351 2988 507 3049 decoctae
546 2985 671 3063 fuerint,

137 3097 333 3158 vettonicam
368 3096 469 3176 ipsam
500 3095 671 3174 permisce·

137 3203 186 3265 bis
211 3211 244 3265 et
268 3203 359 3266 dabis
381 3201 510 3264 bibere:
544 3203 574 3262 in
598 3222 670 3282 per-

138 3320 273 3393 petuum
302 3318 403 3375 sanat.

205 3421 250 3486 II.
291 3418 340 3485 18,
387 3414 421 3479 Si
457 3414 546 3477 ulcus
579 3436 671 3477 secus

139 3524 269 3590 oculum
293 3534 348 3587 aut
379 3544 471 3587 secus
502 3543 594 3585 nares
617 3544 671 3584 na-

138 3644 206 3699 tum
244 3634 344 3696 suerit.
392 3630 513 3693 herbae
548 3629 671 3712 planta-

139 3744 218 3824 ginis
242 3749 397 3803 contusae
420 3759 498 3800 suco
517 3756 672 3819 expresso

139 3849 244 3912 lanam
282 3846 414 3910 mollem
457 3844 671 3907 madefactam

138 3959 280 4040 inponat,
304 3975 363 4037 per
378 3956 446 4017 dies
466 3972 598 4014 novem:
623 3971 672 4013 sa·
748 3939 752 3944 ⁵

139 4086 198 4127 nus
221 4064 287 4132 fiet.

207 4175 284 4243 VII.
309 4186 338 4236 2.
363 4169 419 4232 Ad
441 4170 589 4232 duritiam
611 4168 672 4228 uri-

990 2324 1099 2386 Diosc.

845 2452 907 2518 ΙΙΙ.
936 2449 989 2528 67,
1023 2432 1060 2506 τί
1099 2437 1234 2507 σέλινον
1265 2463 1311 2505 κι-

778 2550 834 2614 νεῖ
850 2534 937 2639 οὖροι
957 2540 1113 2637 ἑφθὸντε
1132 2544 1190 2614 καὶ
1216 2537 1313 2633 ὠμὸν

779 2647 1000 2742 ἐσθιόμενον.
1020 2701 1073 2708 -
1091 2646 1135 2721 τὸ
1155 2650 1191 2720 δὲ
1212 2652 1311 2744 σπέρ-

777 2786 831 2848 μοι
863 2758 959 2828 ἐστὶν
987 2753 1267 2854 οὐρητικώτερον.

833 2882 890 2948 IV.
920 2866 1094 2941 ediderat
1109 2878 1186 2959 (scil.
1216 2858 1312 2935 οὕετ-

779 2967 914 3071 τονινν)
947 3017 994 3030 --
1023 2974 1082 3044 νοιὶ
1108 2972 1229 3044 κύστιν
1257 2966 1313 3042 ἆλ-

778 3090 906 3171 γοῦσιν.

832 3420 978 3496 II,152.
1024 3402 1196 3492 αι’γίλωντα
1252 3398 1314 3471 σὺν

781 3505 881 3583 ἁλσὶν
909 3505 1194 3600 ἑπιιτλαοοόμενα
1227 3503 1313 3600 nispe·

780 3624 840 3690 λεῑ.

834 4170 859 4235 Ι,
887 4181 917 4233 2.
942 4149 1132 4244 πινόμενον
1164 4151 1201 4222 δὲ
1230 4146 1312 4244 ‹irpi-
