3000 4604
637 129 653 143 ”
682 159 738 233 35

601 268 814 276 ————-—-

123 410 178 473 lud
212 393 251 494 «ἢ
280 395 480 494 steatomati»
516 410 636 475 habuit.
684 411 893 495 Sprengelius
927 414 1076 493 opinatur
1112 414 1299 495 descriptio-

123 538 196 580 nem
220 518 394 581 Plinianam
429 521 627 598 vettonicae,
660 541 745 602 quae
777 522 807 581 in
831 520 884 588 lib,
919 532 957 599 25
994 520 1012 600 S
1037 521 1080 596 84
1107 520 1231 601 legitur,
1256 542 1299 583 ex

123 627 229 706 capite
266 641 277 685 1
314 635 346 688 et
371 642 388 686 2
424 627 475 695 lib,
502 627 561 696 IV,
593 628 783 690 Dioscordis
815 635 978 708 sumptam
1010 647 1088 692 esse.
1136 628 1228 690 Haec
1252 638 1299 691 est

123 733 211 794 Plinii
235 734 425 814 descriptio:
461 736 548 796 «exit
572 734 732 815 anguloso
757 734 847 797 caule
880 735 1062 797 cubitorum
1086 736 1184 796 duum
1209 755 1227 798 e
1251 757 1299 798 ra·

123 841 194 902 dice
225 860 381 921 spargens
415 841 489 902 folia
523 841 589 903 sere
625 841 747 922 lapathi
783 849 910 904 servata
945 843 1066 903 semine
1101 862 1296 924 purpureo»

123 949 320 1010 Dioscoridis
345 949 521 1029 descriptio
546 947 627 1011 haec
651 957 716 1012 est:
744 933 834 1007 «πόα
879 937 952 1006 ἐστὶ
999 933 1127 1007 καυλὸν
1174 938 1297 1026 ἔχουσα

123 1039 262 1132 λεπτὸν,
291 1039 420 1138 πήχεως
448 1039 491 1114 τὸ
510 1035 598 1134 ὕψος
616 1039 635 1113 l*
656 1045 713 1115 καὶ
733 1043 889 1133 μείζονα,
917 1039 1157 1138 τετράγωνον·
1187 1042 1299 1137 φύλλα

122 1146 255 1244 μακρὰ,
286 1146 441 1241 μαλακὰ,
476 1143 584 1241 ὅμοιοι
618 1152 710 1246 δρυὶ,
750 1148 814 1238 τὴν
841 1153 1070 1245 περιφέρειαν
1098 1154 1298 1243 ἐσχισμέοα,

124 1269 231 1370 εὐώδη
262 1275 405 1364 μείζονα
442 1275 478 1345 δὲ
506 1272 554 1346 τὰ
586 1273 672 1369 πρὸς
708 1253 916 1372 τὴν-(ἦρ’
961 1270 1013 1347 ἐπ’
1044 1272 1135 1371 ἄκρῳ
1165 1278 1201 1348 δὲ
1229 1287 1299 1348 τῶν

123 1387 256 1453 καυλῶν
286 1383 398 1453 ἔνεστι
435 1379 478 1453 τὸ
512 1386 652 1481 σπέρμα
687 1386 959 1474 ἑσταχοωμένωο
988 1376 1107 1479 uiolato
1134 1381 1299 1480 θύμβρας

124 1500 249 1586 (1V,1)
276 1541 316 1548 -
339 1487 410 1560 ποά
433 1490 538 1560 ’ἐστὶν
567 1491 691 1578 ἔχουσα
712 1489 822 1583 φύλλα
851 1496 986 1588 ἐμφερῆ
1013 1488 1168 1583 λαπάθῳ
1189 1486 1298 1587 οέγρίῳ

123 1596 267 1688 μείζονα
296 1597 333 1667 δὲ
361 1598 419 1667 καὶ
449 1594 638 1691 ὃασὺτερα,
668 1595 848 1691 στύφοντα
879 1603 916 1669 ἐν
942 1607 986 1694 τῇ
1012 1595 1137 1689 γεύσει.

231 1751 265 1816 Si
289 1756 467 1816 accuratius
490 1754 591 1817 verba
614 1755 703 1817 Plinii
727 1764 760 1818 et
775 1757 974 1821 Dioscoridis
998 1757 1183 1838 inspexeris
1208 1758 1299 1821 dubi-

123 1867 206 1929 tabis
231 1868 338 1931 dicere
362 1867 619 1950 descriptionem¹
635 1869 810 1931 Plinianam
838 1890 882 1931 ex
905 1868 1032 1931 duobus
1056 1868 1115 1931 illis
1137 1868 1298 1930 Dioscori-

124 1975 172 2038 dis
194 1974 352 2057 capitibus
377 1977 629 2038 contaminatam
661 1997 738 2040 esse.
785 1976 901 2058 Neque
934 1979 1018 2038 enirn
1049 1975 1150 2037 verba
1181 1975 1299 2036 «duum

124 2082 324 2144 cubitorum»
352 2103 458 2163 neque
494 2085 632 2146 «semine
664 2104 847 2165 purpureo»
883 2085 971 2165 apud
994 2084 1219 2146 Dioscoridem
1243 2102 1299 2144 ex·

123 2198 219 2259 stant.
266 2190 384 2273 Neque
406 2191 522 2253 Plinius
545 2191 564 2261 1,
595 2212 623 2260 c.
650 2200 706 2253 aut
737 2193 769 2252 in
800 2191 852 2253 lib.
880 2204 918 2270 25
945 2192 963 2272 S
989 2207 1031 2252 20
1055 2192 1139 2269 dicit,
1162 2191 1300 2252 vettoni-
1345 2259 1354 2277 ·

124 2318 196 2361 cam
221 2299 318 2361 etiarn
342 2299 544 2362 brittanicam
569 2320 639 2361 esse
664 2298 879 2381 appellatam,
911 2300 1000 2380 quod
1033 2319 1149 2385 nomen
1174 2307 1207 2360 et
1230 2299 1299 2378 ipse

123 2407 331 2471 Dioscorides
353 2428 418 2469 non
442 2407 599 2488 praebuit.
647 2406 761 2488 ltaque
796 2409 903 2489 «apud
927 2406 1061 2469 Plinium
1085 2415 1118 2468 et
1141 2414 1298 2488 posteros,

123 2517 252 2578 nimiam
288 2518 355 2597 ipse
390 2515 488 2578 fidem
517 2516 694 2578 tribuentes
729 2516 873 2579 confusio
905 2525 995 2578 orta»
1034 2536 1098 2577 non
1127 2536 1170 2577 ex
1192 2514 1300 2575 verbis

126 2604 165 2706 «ἢ
193 2607 395 2706 steatomati»
423 2625 497 2685 oriri
521 2626 637 2706 potuit.

231 2748 330 2831 Quod
361 2758 469 2812 autem
501 2748 709 2832 Sprengelius
744 2751 829 2828 dicit,
864 2752 1005 2832 spuriam
1040 2758 1166 2831 partem
1189 2749 1298 2811 Diosc.

123 2858 180 2922 IV.
206 2873 224 2918 2
253 2878 315 2919 «ex
338 2857 472 2919 Antonii
495 2858 606 2919 Musae
632 2858 898 2920 commentariolo
922 2859 963 2920 de
994 2857 1144 2919 betonica
1168 2857 1198 2917 in
1221 2876 1299 2917 non-

123 2964 227 3028 nullos
251 2967 379 3028 codices
403 2967 598 3047 irrepsisse»,
623 2965 833 3029 vehementer
857 2967 983 3028 erravit.

230 3109 370 3171 Primum
395 3111 478 3171 enim
504 3111 534 3170 in
560 3110 728 3172 codicibus
751 3110 973 3172 vetustissimis
1004 3117 1036 3170 et
1062 3109 1190 3190 optimis
1207 3107 1299 3189 Apu·

124 3216 164 3279 lei
189 3217 361 3299 descriptio
386 3216 507 3279 herbae
537 3220 655 3299 scripta
686 3238 750 3279 non
782 3226 846 3294 est,
884 3218 969 3279 unde
1001 3224 1138 3297 apparet
1161 3235 1233 3277 eam
1257 3236 1300 3277 ex

123 3323 178 3386 illo
203 3324 470 3386 commentariolo
494 3346 559 3386 non
583 3329 613 3386 in
630 3327 856 3388 Dioscoridem
879 3324 1064 3386 translatam
1089 3343 1169 3386 esse.
1205 3323 1299 3384 Prae·

123 3442 213 3496 terea
229 3441 376 3494 extrema
392 3434 600 3495 additamenti
622 3433 722 3495 verba
749 3414 998 3515 «iiipaupdeioor
1016 3418 1051 3489 δὲ
1067 3411 1153 3508 μεθ’
1173 3411 1299 3496 ὓδατος
1388 3473 1392 3481 .

81 3526 84 3531 ’
123 3529 360 3619 κεφαλαλγίαο
387 3530 671 3623 κοταοτλοομέοη
699 3528 756 3598 καὶ
781 3523 875 3619 μετὰ
905 3521 1102 3618 ἄσφαλτιόυ
1129 3550 1299 3620 περιχριο-

122 3638 212 3730 μέρη
239 3641 313 3714 τοῖς
334 3631 524 3729 κροτάφοις
557 3639 657 3705 ἰᾶται
686 3628 976 3729 ὑτοθομιωμέοης
1005 3627 1125 3711 αὐτοῖς
1153 3633 1210 3702 καὶ
1238 3640 1299 3727 τῆς

125 3744 234 3839 ρ’ίζης»
261 3775 366 3836 neque
391 3757 421 3816 in
446 3754 521 3818 ullo¹
535 3757 647 3818 codice
668 3757 885 3835 manuscripto
905 3753 1026 3836 Apulei
1049 3773 1154 3834 neque
1178 3755 1208 3814 in
1233 3751 1297 3815 ullo

107 3862 206 3925 -libro
242 3865 329 3945 typis
363 3883 519 3945 expresso
552 3863 709 3944 leguntur.
758 3860 851 3943 Quae
884 3882 958 3923 cum
980 3863 1024 3923 ita
1046 3861 1115 3938 sint,
1147 3860 1200 3922 illa
1223 3879 1297 3940 pars

124 3972 230 4051 spuria
253 3971 452 4033 Dioscoridis
475 3991 539 4032 non
563 3991 606 4032 ex
624 3969 767 4051 Apuleio
791 3978 920 4051 sumpta
943 3978 1001 4034 est.
1037 3968 1150 4050 ltaque
1175 3990 1194 4031 a
1217 3969 1297 4030 veri·

125 4086 193 4141 tate
217 4100 281 4141 non
305 4080 493 4141 recedamus
516 4079 719 4156 conicienteS,
744 4087 914 4159 utrumque
938 4076 1202 4158 interpolatorem
1225 4097 1297 4158 par·

125 4194 184 4265 tes,
208 4206 293 4267 quae
316 4188 444 4268 utrique
467 4206 653 4249 communes
676 4196 758 4265 sunt,
783 4207 826 4248 ex
849 4187 968 4248 eodem
992 4185 1080 4247 fonte
1103 4183 1254 4248 hausisse.
