3000 4604
372 400 472 483 Apul,

228 506 265 577 C.
288 511 386 578 XIII.
416 509 601 572 Flosculum
626 512 693 571 eius

159 618 185 679 si
210 618 412 694 contrIveris‚
447 618 582 679 samsuci
614 618 693 679 odo-

161 744 228 786 rem
252 722 361 793 habet,

232 848 258 896 1.
282 831 339 894 Ad
361 829 519 893 stomachi
538 829 694 893 dolorem.

161 938 305 1001 Herbam
324 939 516 1001 artemisiam
531 958 604 1001 cum
621 938 694 1000 oleo

161 1045 369 1128 amygdalino
415 1054 558 1123 tunsam,
611 1045 695 1107 bene

161 1153 331 1216 subactum
348 1173 438 1216 more
454 1153 635 1234 malagmae
651 1155 696 1215 in-

163 1262 261 1323 duces
295 1280 403 1342 panno
440 1263 559 1324 mundo
592 1270 625 1323 et
652 1263 696 1322 in·

163 1388 274 1450 pones,
298 1370 410 1451 quinto
434 1371 486 1432 die
509 1369 642 1437 sanabit.

1015 402 1124 467 Diosc.

867 528 931 595 ΙΙΙ,
968 527 1039 591 118.
1067 510 1111 584 τὸ
1137 510 1248 593 ἄνθος
1277 505 1341 585 οὖν

804 615 911 717 αὐτῆς
944 622 1002 692 καί
1034 615 1082 692 τα
1119 618 1229 714 φύλλα
1266 649 1341 717 τρι-

802 726 936 820 βόμενα
986 723 1097 824 ὀσμήν
1146 723 1342 801 ἀποδίδωσι

803 830 998 925 σαμψύχου.

876 947 910 1012 α’
935 933 997 1012 οὖν
1036 970 1092 1021 τις
1134 950 1235 1014 πονεῖ
1275 941 1342 1014 τὸν

804 1047 982 1141 στόμαχον
1023 1051 1081 1120 καί
1126 1047 1229 1141 κόψον
1250 1120 1255 1127 ,
1275 1048 1343 1123 τίν

804 1154 958 1252 βοτάνην
1003 1154 1137 1252 ταύτην
1179 1152 1342 1254 (ταύτης,

805 1279 893 1359 quod
917 1279 1016 1340 editio
1040 1277 1220 1359 Sprengelii
1245 1300 1342 1361 prae·

804 1385 869 1462 bct,
892 1406 999 1447 errore
1017 1385 1216 1468 typographi
1233 1396 1344 1449 ortum

806 1513 877 1554 esse
901 1493 1050 1574 videtur).
1071 1477 1165 1572 μετὰ
1186 1475 1344 1572 ἀμυγδα-

804 1585 900 1657 λίνοο
947 1587 1066 1658 ἐλαίου
1110 1593 1217 1667 καλῶς
1224 1644 1235 1680 ,
1281 1590 1345 1659 καὶ

805 1690 943 1790 ποιήσει
985 1687 1028 1773 ὡς
1068 1691 1240 1787 μάλαγμα
1282 1697 1345 1767 καὶ

806 1797 910 1896 θήσει
943 1802 998 1872 ἐπὶ
1041 1798 1108 1872 τὸν
1150 1798 1345 1896 στόμαχον,

805 1905 1126 2005 θεραπευθήσεται.

274 2030 366 2092 Haec
399 2050 531 2112 quoque
566 2052 641 2112 pars
672 2031 871 2093 Dioscoridis
901 2029 1031 2092 subdita
1062 2039 1120 2100 est,
1167 2029 1201 2091 ln
1235 2032 1346 2113 capite

167 2139 251 2199 enlm
275 2139 488 2200 antecedente
512 2140 574 2200 iarn
588 2120 797 2220 Ἀρτεμισία
834 2119 1067 2217 λεστόφαλλος
1094 2139 1255 2221 descripta
1284 2148 1346 2203 est.

107 2270 114 2283 ·
169 2243 255 2326 Quid
280 2247 376 2326 igitur
400 2244 501 2308 altera
524 2247 705 2327 descriptio,
730 2265 814 2327 quae
831 2246 860 2306 in
878 2245 984 2325 capite
1007 2246 1066 2307 118
1084 2246 1208 2327 legitur,
1232 2266 1346 2310 neces·

167 2354 250 2415 saria
274 2358 340 2416 est?

233 2459 313 2529 Ibid.
340 2475 369 2529 2.
394 2460 437 2523 ad
454 2480 626 2523 nervorum
642 2462 699 2522 do·

168 2567 278 2630 lorem.
338 2567 469 2630 Herbae
521 2569 701 2630 artemisiae

167 2694 245 2736 suco
270 2695 343 2736 cum
367 2675 440 2737 oleo
472 2677 596 2738 rosacio
621 2677 700 2736 mix-

168 2791 202 2844 to
245 2802 406 2865 perunges
444 2804 515 2860 eos,
556 2783 701 2844 desinent

169 2912 239 2954 esse
261 2891 388 2953 tremuli
416 2899 448 2954 et
471 2911 567 2953 omne
590 2891 702 2951 vitium

169 2998 309 3063 tolletur.

878 2479 918 2542 D.
946 2478 965 2542 l.
991 2499 1018 2548 c,
1049 2469 1083 2536 εἰ
1102 2466 1139 2536 (λε’
1158 2463 1347 2562 καίνεῦροί

810 2600 864 2651 τις
892 2580 1004 2663 πονεῖ,
1041 2570 1106 2643 τὸν
1130 2570 1233 2663 χυλὸν
1260 2570 1348 2645 ταύ-

810 2708 871 2774 της
911 2676 1005 2770 μετα
1049 2681 1189 2776 ῥοδίνου
1226 2680 1350 2752 ἐλαίου

810 2788 911 2878 μίξας
939 2787 1046 2883 χρία,
1080 2784 1350 2884 θεραασοθήσε-

810 2924 881 2965 ται.

279 3106 387 3168 Etiam
411 3105 493 3169 haec
515 3105 615 3168 verba
639 3105 836 3168 Dioscoridis
859 3106 958 3185 partis
982 3106 1109 3186 spuriae
1131 3113 1214 3174 sunt,

278 3214 425 3294 Uterque
449 3213 662 3295 interpolator
685 3214 823 3274 eundem
848 3221 1014 3274 auctorem
1038 3221 1169 3275 secutus
1195 3220 1254 3277 est.

278 3321 313 3382 ln
338 3320 374 3390 C.
398 3325 465 3391 XX
489 3330 522 3384 et
544 3321 741 3385 Dioscoridis
764 3320 816 3384 lib.
844 3322 905 3398 ΙΙΙ,
938 3320 959 3381 6
993 3322 1023 3381 in
1047 3321 1155 3402 spuria
1177 3327 1269 3401 parte
1293 3340 1352 3384 ea·

172 3432 247 3493 dem
270 3450 451 3511 synonyma
474 3428 623 3510 leguntur
647 3430 764 3490 eodem
789 3429 900 3490 ordine
924 3430 1090 3510 disposita.

385 3538 485 3619 Apul.

239 3645 361 3708 ibidem
408 3661 438 3722 4.
499 3647 541 3708 ad
587 3645 704 3726 frigore

174 3761 314 3816 exustos.

240 3861 342 3923 herba
358 3859 561 3923 aristolochia
575 3881 618 3922 ex
631 3861 704 3922 oleo

175 3977 269 4034 cocta
294 3968 532 4031 calefactoriam
562 3970 627 4030 vim
650 3966 705 4030 ha-

173 4077 230 4141 bet
255 4096 327 4139 cum
351 4077 492 4157 axungia
519 4078 657 4157 porcina.

1021 3537 1131 3600 Diosc.

880 3646 944 3711 ΙΙΙ.
968 3643 998 3706 6.
1037 3624 1114 3723 μετ’
1154 3629 1273 3701 ἐλαίου
1311 3632 1353 3702 δὲ

813 3733 832 3808 ί
861 3732 957 3808 λείου
990 3742 1137 3817 στίατος
1170 3744 1353 3832 ἑψηθεῖσα

815 3846 893 3940 ῥίνη
908 3848 1134 3941 σαγχριομίνη
1145 3841 1353 3939 θεραπεύει.

815 3954 893 4024 Καὶ
921 3946 1150 4048 Κρατεύαςὸ
1175 3960 1354 4048 ῥιζοτομι-

814 4058 871 4139 νὸς
906 4061 963 4132 καί
1007 4057 1139 4139 Γάλλος
1165 4056 1212 4131 τὰ
1255 4053 1354 4133 αὐτὰ

814 4169 894 4262 napi
924 4163 1011 4238 adri
1014 4195 1029 4246 ς
1058 4166 1221 4265 εἰρήκασι.
