3000 4604
452 717 562 828 ΙΙΙ.
599 715 1037 828 Emendationes.

161 971 194 1075 1)
224 974 504 1066 Emendantur,
541 996 643 1064 qnae
673 973 715 1045 in
744 973 831 1043 cod.
862 972 891 1043 L
920 980 1108 1064 corrupta
1136 973 1333 1053 videntur,

265 1223 323 1301 Ea,
358 1243 442 1304 quae
478 1225 509 1284 in
540 1223 686 1285 remediis
710 1223 785 1303 ipsis
821 1221 1023 1284 emendanda
1056 1230 1145 1299 sunt,
1180 1219 1267 1284 haud
1291 1222 1337 1284 ita

159 1331 258 1393 multa
280 1339 362 1399 sunt.
398 1330 536 1393 Plurima
559 1331 635 1392 vitia
658 1331 687 1391 in
712 1328 886 1391 verborum
909 1328 1023 1391 finibus
1045 1330 1202 1410 corruptis
1225 1327 1336 1407 latent,

162 1459 245 1521 quae
269 1439 400 1519 quidem
425 1437 517 1500 facile
541 1439 645 1500 sanari
669 1445 810 1518 possunt.
851 1434 972 1499 Contra
995 1457 1059 1497 non
1083 1455 1188 1516 pauca
1211 1436 1336 1516 planta·

159 1567 229 1609 rum
252 1548 381 1609 nomina
405 1566 523 1627 magno
548 1565 647 1626 opere
671 1545 851 1607 deformata
875 1546 1068 1606 emendandi
1084 1553 1186 1606 artem
1210 1545 1337 1606 deside·

159 1664 238 1718 rant.
285 1652 492 1735 Quamquam
526 1653 646 1715 multae
680 1652 883 1732 corruptelae
915 1654 1034 1714 codicis
1065 1651 1093 1713 L
1125 1651 1193 1714 aliis
1217 1653 1336 1714 codici-

158 1762 218 1824 bus
249 1771 281 1824 et
313 1763 453 1824 editione
485 1759 617 1841 vulgata
648 1759 838 1822 adhibendis
869 1759 960 1821 facile
996 1761 1159 1822 emendari
1192 1769 1336 1840 possunt,

158 1879 268 1932 tamen
303 1868 409 1932 adhuc
444 1866 545 1930 multa
581 1876 717 1943 restant,
769 1887 854 1948 quae
897 1869 1122 1930 emendatione
1161 1869 1335 1949 indigeant.

158 1976 271 2058 Atque
306 1975 368 2038 hac
401 1978 431 2037 in
456 1996 490 2036 re
521 1976 661 2055 inprimis
685 1974 818 2037 Plinium
850 1983 883 2036 et
906 1974 1131 2037 Dioscoridem
1156 1976 1336 2038 adsciscen-

159 2086 218 2147 dos
243 2104 311 2146 esse
335 2092 480 2164 apparet.

266 2192 374 2253 Locos
413 2200 590 2271 corruptos,
632 2192 686 2272 qui
727 2199 921 2271 sequuntur,
961 2192 1185 2254 emendatione
1223 2212 1337 2256 sanare

159 2319 254 2380 posse
279 2297 355 2360 mihi
378 2299 501 2363 videor.

268 2406 302 2468 ln
338 2425 409 2486 cap,
446 2410 462 2474 Ι
498 2408 579 2468 inter
613 2426 795 2487 synonyma
830 2405 951 2468 herbae
986 2408 1168 2469 vettonicae
1200 2408 1337 2471 traditur

162 2519 413 2594 «dyprinionp
449 2514 539 2595 quod
569 2533 675 2593 neque
699 2514 807 2578 Diosc.
841 2533 946 2593 neque
977 2513 1053 2577 Plin.
1084 2513 1194 2584 habet.
1242 2514 1336 2597 Quae

159 2643 227 2684 vox
250 2623 327 2703 quid
361 2621 421 2684 sibi
451 2620 536 2699 velit,
568 2641 664 2683 nemo
696 2620 859 2703 intellegit.
907 2620 988 2684 Cum
1016 2630 1125 2684 autem
1147 2623 1254 2686 Diosc.
1278 2625 1336 2702 IV,

165 2747 176 2791 1
205 2731 247 2792 de
271 2729 435 2792 vettonica
458 2730 544 2792 dicat
570 2711 641 2787 «ἐπ’
681 2710 772 2812 ἄκρῳ
809 2716 846 2786 δὲ
880 2726 951 2787 τῶν
985 2722 1118 2788 καυλῶν
1153 2717 1267 2788 ἔνεστι
1294 2715 1338 2789 τὸ

160 2827 301 2919 σπέρμα
330 2826 600 2914 ἑσταχυωμένωι·
620 2816 734 2918 ὥσπερ
759 2821 936 2919 θύμβρας,
960 2839 1107 2900 conicere
1131 2837 1214 2915 licet,
1237 2840 1336 2920 scrip.

159 2954 228 3007 tum
251 2944 347 3008 fuisse
385 2950 692 3023 «thymbrinion‚»
727 2946 783 3007 nisi
808 2945 890 3008 forte
914 2954 1073 3026 putamuS,
1105 2946 1204 3008 latere
1228 2948 1260 3009 in
1283 2947 1337 3010 illa

160 3073 242 3116 voce
265 3073 384 3115 nomen
408 3073 451 3114 ex
474 3073 556 3114 voce
580 3043 659 3135 δρῦς
682 3054 824 3130 ductum,
852 3054 1035 3115 cumidem
1058 3054 1167 3122 Diosc.
1193 3052 1211 3118 l.
1236 3075 1263 3124 c.
1289 3056 1336 3117 di-

160 3169 213 3223 cat
240 3145 379 3241 «φύλλα
406 3143 538 3241 μακρά,
565 3144 721 3240 μαλακά,
751 3139 858 3239 ῗμοια
888 3146 993 3242 δρυί.»

268 3266 304 3331 C.
318 3267 341 3332 I.
358 3268 399 3328 28
424 3265 476 3328 hic
492 3266 600 3329 titulus
612 3267 730 3350 legitur
748 3269 809 3330 «ad
822 3267 969 3330 mulieres
985 3268 1117 3347 locosas,
1134 3269 1250 3350 quibus
1263 3270 1338 3333 loca

160 3397 179 3438 a
203 3375 321 3456 frigore
345 3381 583 3438 moriuntur.»
624 3375 804 3438 Moriuntur
828 3384 916 3437 recta
939 3377 1096 3438 sententia
1120 3385 1218 3446 caret.
1259 3375 1337 3441 Sine

160 3483 259 3546 dubio
288 3482 492 3545 scribendum
526 3491 575 3544 est
609 3489 877 3546 mordentur.»
927 3482 1018 3552 Cons.
1044 3484 1124 3547 Hor.
1157 3482 1226 3553 Sat.
1251 3501 1281 3549 2.
1308 3486 1329 3546 6

159 3603 213 3671 45.
238 3589 398 3653 Matutina
419 3609 532 3671 parum
556 3600 668 3654 cautos
690 3593 754 3653 iam
777 3593 896 3673 frigora
920 3593 1077 3657 mordent.
1086 3593 1120 3673 (³⁶)

269 3697 305 3767 C.
340 3698 379 3763 II.
422 3715 468 3780 19.
511 3699 585 3761 «Ad
622 3700 829 3762 disentericos
865 3702 962 3762 etiam
1000 3703 1224 3764 torminosos.»
1273 3701 1336 3765 Pro

164 3813 314 3871 «etiam»
340 3806 480 3868 scribere
504 3807 600 3868 velim
627 3816 682 3870 «et
706 3813 785 3872 ad».
826 3807 882 3871 Ad
905 3809 1124 3889 dysentericos
1149 3817 1181 3871 et
1205 3809 1247 3872 ad
1270 3818 1337 3873 tor·

161 3915 309 3983 minosos.
357 3912 456 3995 Vulg
481 3912 581 3976 habet
608 3914 697 3977 «vel»
724 3917 798 3985 eod,
823 3916 864 3978 V.
889 3916 1025 3996 praebet
1052 3924 1136 3987 «et»,

268 4091 295 4161 *)
315 4111 342 4148 v.
362 4090 472 4148 christ:
491 4090 595 4163 quibus
615 4091 679 4147 loca
698 4091 807 4164 frigore
826 4094 1007 4149 emorientur.
