3014 4620
723 147 767 221 14

162 384 257 460 XIX,
281 384 349 460 LL,
373 383 403 443 in
427 383 576 445 remediis
600 382 662 445 alia
685 385 814 446 nomina
837 372 1041 466 'usurpantur
1073 394 1171 466 atque
1195 386 1226 447 in
1250 387 1345 450 initiis

163 491 316 572 capitum,
351 488 504 570 Meyerus
530 489 566 559 C,
592 510 619 560 c,
646 493 691 559 ΙΙ.
718 507 777 570 321
808 493 900 555 dicit:
926 490 1050 574 „Sebess
1073 491 1200 577 Rupilii
1223 493 1259 576 ill
1284 493 1343 564 mli

163 597 232 664 tem
268 595 487 680 aedilitium
522 595 645 665 tinum
680 598 761 670 einer
796 597 926 683 tilium
962 597 1218 684 theumistius
1273 600 1343 666 Sed

163 714 328 768 auctorem
352 704 415 767 alia
438 707 568 768 nomina
591 708 841 788 praescripsisse,
874 707 936 769 alia
958 709 989 769 in
1013 709 1162 770 remediis
1186 710 1261 790 ipsis
1286 711 1344 772 ad·

161 812 311 890 hibuisse‚
348 814 499 893 equidem
534 812 704 878 verisimile
728 834 799 876 esse
833 834 929 895 nego.
976 814 1090 897 ltaque
1120 815 1254 879 dubium
1276 838 1343 879 non

162 929 227 998 est,
258 921 333 1001 quin
364 928 398 983 et
429 919 483 982 illa
515 922 648 983 nomina
678 923 877 1003 praescripta
908 922 950 984 ab
974 923 1205 1005 interpolatore
1230 924 1344 987 addita

161 1028 222 1090 sint
246 1038 279 1091 et
302 1047 494 1109 synonyma.
518 1028 587 1090 Iam
611 1030 783 1109 quaeritur,
813 1050 878 1111 quo
903 1050 946 1092 ex
969 1030 1057 1092 fonte
1081 1029 1134 1092 illa
1156 1051 1344 1112 synonyma

161 1134 276 1199 hausta
313 1136 383 1198 sint.
429 1134 679 1198 Aclrermannus
719 1137 851 1217 quidem
891 1139 1029 1219 primum
1068 1158 1112 1200 ex
1147 1139 1341 1202 Dioscoride

161 1253 290 1325 sumpta
313 1263 384 1306 esse
407 1246 539 1322 censuit,
565 1245 682 1307 deinde
701 1246 859 1306 sententia
882 1253 1006 1307 mutata
1021 1246 1220 1309 Dioscoridis
1242 1267 1342 1328 syno-

163 1371 262 1434 nyma
285 1371 329 1414 ex
352 1351 472 1433 Apulei
509 1351 659 1415 herbario
693 1354 831 1434 repetita
862 1372 932 1414 esse
964 1354 1055 1422 dixit,
1101 1351 1170 1417 Sed
1203 1363 1342 1435 utraque

162 1461 321 1524 sententia
344 1459 436 1522 facile
461 1460 562 1523 refelli
586 1469 706 1543 potest.
750 1461 907 1523 Videmus
932 1462 1016 1522 enim
1039 1482 1231 1543 synonyma,
1255 1484 1342 1544 quae

163 1569 323 1650 incapite
348 1571 399 1637 IX
422 1570 569 1631 editionis
603 1568 755 1650 vulgatae
794 1577 827 1630 et
850 1570 969 1632 codicis
1000 1569 1220 1652 Lleguntur,
1252 1573 1342 1653 apud

163 1676 389 1740 Dioscoridem
412 1677 532 1757 scripta
554 1697 619 1738 non
643 1697 723 1754 esse,
747 1678 832 1747 unde
856 1686 993 1758 apparet
1015 1676 1083 1739 fieri
1107 1699 1171 1740 non
1187 1680 1343 1759 potuisse,

165 1793 200 1846 ut
223 1804 266 1847 ex
289 1783 353 1848 hoc
376 1786 672 1859 transcriberentur,
696 1786 754 1847 nisi
778 1785 861 1847 sorte
886 1786 956 1866 quis
979 1794 1072 1867 putat
1097 1784 1274 1868 Apuleium
1297 1807 1344 1851 ex

163 1891 360 1957 Dioscoridis
384 1895 496 1957 codice
534 1892 691 1969 hausisse,
724 1893 780 1973 qui
809 1892 861 1955 illa
885 1910 1018 1974 quoque
1041 1914 1224 1974 synonyma
1247 1916 1343 1976 prae·

163 1998 287 2070 buerat.
334 2001 451 2083 Neque
491 2002 816 2084 praetermittendum
863 2010 932 2079 est,
981 2003 1168 2083 saepissime
1204 2001 1343 2066 alterum

162 2107 255 2188 plura
278 2110 407 2171 nomina
431 2110 556 2174 adferre
589 2129 686 2192 quam
723 2108 870 2180 alterum,
917 2111 1143 2174 Dioscoridem
1174 2131 1253 2173 vero
1277 2095 1363 2173 non*

163 2235 207 2277 ex
229 2215 371 2298 Apuleio
408 2219 536 2279 nomina
575 2218 729 2297 repetisse
762 2238 826 2279 non
857 2218 956 2281 modo
980 2239 1023 2281 ex
1046 2228 1152 2281 aetate
1176 2219 1343 2300 utriusque

162 2326 221 2388 sed
245 2326 342 2387 etiam
366 2345 473 2387 exeo
497 2325 705 2410 intellegitur,
740 2326 830 2406 quod
858 2346 1041 2406 synonyma
1065 2324 1185 2408 Apulei
1209 2345 1253 2387 ex
1276 2346 1343 2388 ser-

164 2452 259 2494 mone
285 2431 412 2495 Graeco
435 2435 626 2514 transcripta
650 2452 720 2494 esse
747 2453 845 2513 supra
878 2434 1024 2494 diximus.
1071 2433 1184 2513 Itaque
1208 2433 1343 2496 dubium

164 2561 228 2602 non
253 2548 311 2625 est,
336 2542 412 2621 quin
436 2550 468 2603 et
492 2542 700 2604 Dioscorides
732 2549 831 2621 atque
863 2540 947 2602 adeo
980 2541 1046 2602 eius
1070 2540 1284 2623 interpolator
1307 2551 1341 2604 et

163 2647 375 2729 interpolator
397 2647 518 2730 Apulei
554 2649 690 2746 eandem
727 2650 828 2710 secuti
858 2649 918 2710 sint
960 2649 1195 2722 auctoritatem,
1242 2647 1342 2730 Quod

163 2776 263 2839 saepe
287 2757 421 2820 multum
444 2757 526 2818 inter
548 2777 582 2818 se
606 2758 799 2838 discrepant,
823 2757 970 2818 conicere
994 2756 1070 2819 licet
1093 2755 1341 2838 interpolatores

164 2884 295 2927 munere
318 2885 377 2927 suo
400 2886 465 2927 non
489 2865 558 2947 pari
582 2864 745 2946 diligentia
768 2865 893 2927 functos
918 2885 987 2927 esse
1013 2873 1068 2926 aut
1096 2863 1165 2927 fieri
1189 2866 1341 2946 potuisse,

164 2981 199 3034 ut
223 2972 293 3034 fons
316 2974 394 3054 ipse,
417 2992 515 3054 quem
540 2980 675 3054 uterque
699 2974 784 3050 adiit,
813 2971 1001 3053 corruptelis
1036 2981 1091 3034 aut
1115 2972 1341 3034 additamentis

164 3081 358 3161 depravatus
383 3090 475 3151 esset,
515 3080 584 3142 Iam
608 3079 680 3143 Val.
703 3080 791 3142 Rose
815 3081 846 3140 in
872 3080 983 3149 Herm.
1009 3089 1086 3143 tom.
1112 3081 1130 3141 8
1160 3081 1244 3161 1874
1267 3099 1341 3161 pag.

167 3188 207 3266 38
232 3189 329 3251 dixit:
366 3187 454 3273 sirie
479 3185 696 3275 alphabetilde
712 3185 936 3275 timerbeitung
961 3198 1031 3258 tnui
1057 3186 1245 3274 arietillum
1262 3186 1343 3272 tert

166 3293 222 3365 bet
247 3293 454 3367 Aiosstnribess
478 3293 533 3380 tsi
563 3300 624 3366 uuss
655 3292 807 3377 terlelben
833 3294 902 3375 unul
932 3299 999 3365 tem
1031 3295 1186 3381 apuleius
1211 3292 1343 3379 (rectius

166 3403 300 3467 dixisset
333 3401 398 3474 bem
422 3401 648 3488 {intervolans
673 3402 728 3474 tet
754 3401 924 3488 tristeris)
952 3402 1117 3476 sicienter
1140 3403 1253 3476 Ducite
1277 3401 1342 3488 {tire

166 3507 310 3582 hetonnte
333 3510 411 3591 titiis
442 3511 494 3584 ter
519 3511 782 3598 litaniamumen
804 3529 944 3597 springen.
995 3512 1224 3576 Gravissimum
1248 3534 1342 3596 argu-

167 3627 312 3682 mentum
328 3618 419 3682 huius
436 3622 489 3698 rei,
506 3641 590 3701 quae
615 3640 731 3702 perse
755 3622 825 3702 ipsa
848 3619 1004 3683 levissima
1027 3640 1097 3682 esse
1128 3621 1262 3698 videtur,
1287 3623 1343 3684 ad·

167 3727 249 3789 ferre
273 3747 411 3808 possum.
435 3728 520 3791 Nam
556 3737 589 3791 et
621 3730 708 3810 apud
732 3727 907 3810 Apuleium
940 3737 973 3790 et
994 3728 1089 3810 apud
1117 3728 1342 3791 Dioscoridem

167 3834 339 3899 herbarum
362 3856 544 3918 synonyma
578 3837 764 3918 saepissime
788 3857 863 3898 casu
888 3837 1084 3899 nominativo
1109 3845 1342 3918 proponuntur,

167 3963 364 4026 quamquam
388 3945 600 4007 nominativus
623 3944 818 4012 subiectivus
842 3943 946 4025 (saliis
980 3937 1014 4000 οἱ
1042 3933 1104 4024 δέ)
1141 3952 1174 4005 et
1207 3943 1344 4006 verbum

169 4052 332 4132 (edicunti
361 4043 555 4133 «καλοῦσι»)
580 4052 749 4114 antecedit.

279 4157 361 4221 Cum
393 4161 489 4240 igitur
522 4161 552 4221 in
587 4159 751 4224 codicibus
774 4161 993 4223 vetustissimis
1016 4161 1247 4241 descriptiones
1271 4159 1343 4223 her·
