3000 4604
641 277 854 287 ..———-

268 433 299 508 2)
333 406 472 482 Codex
506 406 793 502 Lugdunensis,
845 423 941 485 Hunc
968 423 999 484 in
1022 421 1220 485 bibliotheca
1246 419 1334 502 Lug-

161 535 293 596 dunensi
325 535 402 614 ipsa,
437 533 490 594 ubi
518 530 806 594 abibliothecario
830 531 883 595 Du
909 531 991 593 Rieu
1022 530 1161 611 benigne
1185 538 1335 610 receptus

160 662 239 719 sum,
264 643 399 723 inspexi.
435 640 470 702 In
494 639 558 703 hoc
582 641 694 702 codice
718 638 800 702 haec
811 640 934 720 scripta
955 647 1039 704 sunt.
1077 636 1192 720 Capita
1221 649 1334 718 1-75‚

161 747 209 810 his
234 750 395 831 exceptis:

270 855 349 937 Cap.
375 873 417 933 24
441 876 514 938 pars
537 860 704 918 nominum
727 856 827 923 deest.

269 965 348 1047 Cap.
374 977 413 1043 25
440 965 569 1026 1101111112
592 964 716 1028 desunt.

269 1072 348 1154 Cap.
374 1088 425 1152 27,
450 1073 501 1150 28,
526 1088 568 1153 29
592 1072 716 1140 desunt.

269 1179 349 1261 Cap.
377 1195 416 1258 32
442 1181 570 1241 nomina
594 1188 627 1241 et
649 1195 671 1255 4
695 1176 777 1240 tituli
801 1178 925 1240 desunt

269 1288 349 1370 Cap.
377 1288 417 1366 36
441 1287 546 1350 solum
569 1288 733 1349 nominum
758 1286 879 1347 initium
904 1293 1021 1354 exstat.

269 1394 351 1477 Cap.
377 1411 418 1476 39
442 1396 541 1463 deest.

268 1501 349 1584 Cap.
376 1515 415 1581 52
441 1511 474 1564 et
497 1502 618 1563 initium
643 1514 693 1579 53,
716 1521 785 1582 cap.
805 1512 842 1579 55
862 1508 895 1562 et
915 1499 955 1578 56
979 1509 1012 1562 et
1036 1502 1137 1563 maior
1153 1521 1227 1582 pars
1249 1504 1334 1584 capi·

160 1613 201 1674 tis
227 1624 266 1691 57
291 1612 416 1678 desunt.

269 1716 349 1799 Cap.
374 1718 426 1795 60,
453 1733 470 1795 3
495 1726 528 1779 et
551 1733 573 1792 4
596 1719 720 1786 desunt.

269 1825 346 1908 Cap.
371 1827 413 1904 63
438 1825 513 1888 nihil
537 1827 593 1888 nisi
616 1846 722 1907 pauca
744 1828 874 1891 nomina
891 1802 1028 1896 exstant.
1064 1827 1140 1890 Post
1157 1826 1220 1890 hoc
1236 1839 1335 1911 caput

161 1936 245 1997 duae
277 1933 399 1996 herbae
434 1933 566 2014 «solago
599 1935 700 1996 maior
733 1943 765 1996 et
796 1935 910 2017 solago
945 1937 1066 1997 minor»
1104 1936 1334 2014 describuntur,

161 2063 241 2124 quas
264 2042 398 2123 vulgata
422 2063 485 2104 non
509 2041 618 2110 habet.
739 2076 746 2089 ·

268 2148 349 2231 Cap.
383 2164 424 2230 74
447 2149 516 2211 sola
545 2148 666 2211 herbae
701 2148 824 2230 effigies
858 2159 966 2214 exstat
988 2151 1169 2234 subscripto
1206 2155 1335 2216 nomine

144 2278 296 2328 narcissi.

269 2363 348 2447 Cap.
373 2379 412 2446 75
444 2382 468 2444 1,
494 2381 522 2443 2,
548 2381 576 2443 3,
599 2382 621 2442 4
644 2375 782 2444 exstant,
807 2366 930 2448 reliqua
953 2369 1091 2432 desunt·

270 2529 299 2606 3)
325 2510 464 2583 Codex
492 2511 831 2605 Vratislaviensis‚
858 2530 912 2610 qui
934 2529 1141 2593 Monachium
1165 2529 1241 2593 mihi
1265 2533 1335 2593 mis-

160 2656 214 2697 sus
238 2644 297 2698 est.
333 2634 396 2697 Hic
419 2637 527 2699 codex
551 2637 658 2698 omnia
682 2638 789 2717 capita
811 2638 955 2700 continet
977 2637 1025 2701 his
1048 2641 1209 2720 exceptis:
1234 2640 1336 2701 Deest

162 2764 233 2824 cap.
264 2759 302 2805 10
331 2752 364 2805 et
397 2744 447 2822 38.
495 2744 574 2805 Post
608 2764 679 2825 cap.
716 2744 769 2822 63.
802 2761 824 2820 4
857 2744 1046 2808 describitur
1076 2746 1190 2828 solago
1224 2747 1334 2815 maior.

160 2851 262 2914 Deest
292 2851 405 2932 solago
436 2853 547 2915 minor.
594 2852 720 2914 Desunt
752 2873 823 2934 cap.
848 2852 901 2930 64,
924 2854 976 2932 65,
999 2854 1052 2932 66,
1075 2854 1127 2933 67,
1150 2855 1205 2924 68.
1254 2852 1334 2935 Cap.

162 2974 202 3038 72
227 2960 348 3021 initium
371 2958 475 3021 solum
500 2968 614 3023 exstat.
663 2980 733 3041 cap.
761 2975 801 3039 73
827 2961 929 3030 deest.
969 2981 1041 3042 cap.
1065 2977 1117 3042 92,
1140 2963 1249 3038 4-18
1280 2964 1335 3024 de·

162 3075 244 3131 sunt.
292 3066 367 3130 Post
392 3087 461 3147 cap.
491 3079 547 3145 125
575 3069 682 3148 posita
705 3077 754 3130 est
778 3066 879 3130 herba
910 3067 1072 3136 simfitum.
1119 3089 1189 3149 cap.
1220 3069 1333 3148 126,2

161 3174 263 3243 deest.
310 3195 381 3255 cap.
411 3188 470 3254 127
495 3175 597 3243 deest.
646 3196 717 3256 cap.
748 3175 807 3236 128
832 3175 984 3256 reliquiae
1008 3176 1224 3238 medicaminis
1248 3198 1335 3239 com·

160 3282 258 3363 positi
289 3290 429 3344 exstant.
477 3301 549 3362 cap.
585 3298 645 3363 129
677 3283 706 3344 in
738 3282 893 3345 6titulos
923 3283 1058 3345 divisum
1082 3292 1139 3362 est,
1171 3304 1244 3346 cum
1268 3285 1335 3348 vul-

161 3399 238 3471 gata
261 3391 440 3451 orationem
463 3390 647 3452 continuam
670 3390 835 3472 praebeat.

267 3533 299 3614 4)
325 3515 462 3588 Codex
492 3517 758 3614 cassinensis,
787 3537 845 3599 etsi
873 3538 1030 3600 minorem
1061 3545 1185 3600 tantum
1208 3546 1335 3618 partem

155 3640 316 3722 ¹inspicere
340 3643 442 3724 potui.

267 3747 419 3811 Monachi
442 3751 526 3812 enim
550 3753 732 3814 monasterii
751 3751 953 3832 CassinensiS,
977 3776 1050 3817 cum
1074 3756 1147 3817 anni
1176 3753 1258 3815 1886
1282 3754 1334 3815 die

161 3855 306 3935 Veneris,
331 3859 386 3938 qui
411 3861 573 3921 antecedit
596 3861 806 3940 septimaniae
829 3881 949 3938 sacrae,
973 3864 1004 3924 in
1028 3862 1256 3923 monasterium
1280 3881 1334 3922 ve·

159 3964 286 4042 nissem,
311 3985 360 4027 res
383 3967 534 4047 profanas
558 3968 768 4032 administrari
800 3968 924 4052 legibus
955 3971 1074 4035 ordinis
1096 3967 1144 4033 St.
1169 3969 1334 4031 Benedicti

160 4089 220 4152 per
244 4081 347 4135 totam
370 4074 593 4155 septimaniam
618 4075 782 4156 prohiberi
809 4079 970 4146 dixerunt.
1017 4077 1131 4158 Itaque
1160 4096 1194 4138 re
1219 4077 1335 4139 insecta

159 4179 325 4243 discedere
349 4190 481 4245 coactus
503 4202 583 4246 sum.
633 4182 783 4247 Continet
821 4187 931 4250 codex
966 4205 1036 4268 cap.
1060 4200 1224 4265 21-131.
