3000 4604
239 360 348 423 Locos
371 357 491 440 Apulei
523 359 658 422 collatos
690 381 754 422 non
787 381 830 423 ex
852 360 1045 424 Dioscoride
1072 359 1205 424 haustos
1230 381 1310 441 esse‚·

132 469 203 532 luce
227 467 341 531 clarius
365 475 422 531 est.

238 577 284 641 Ut
306 595 463 638 summam
488 595 609 653 eorum,
646 596 730 656 quae
763 576 804 639 de
837 575 977 639 sontibus
1007 576 1084 655 dixi,
1108 597 1308 659 proponam:

131 687 213 749 haec
237 687 472 748 demonstrasse
497 681 573 744 mihi
596 683 720 752 videor,
1197 671 1200 677 ’

245 794 271 874 1)
296 793 412 873 Neque
429 790 545 853 Plinius
569 810 675 872 neque
692 791 901 854 Dioscorides
917 790 969 852 vel
986 792 1198 875 interpolator
1213 794 1308 857 Dios-

132 902 248 964 coridis
272 908 466 977 auctorest,
491 919 587 979 quem
612 898 915 980 Pseudo-Apuleius
937 907 1066 961 secutus
1090 908 1148 964 est.

242 1010 272 1089 2)
296 1008 495 1069 Dioscoridis
518 1007 730 1088 interpolator
745 1026 809 1069 non
829 1026 873 1068 ex
890 1004 1040 1070 herbario
1056 1006 1178 1088 Apulei
1193 1006 1308 1079 hausit,

243 1118 272 1197 3)
297 1112 487 1192 Similitud0,
511 1134 594 1194 qnae
618 1113 775 1176 nonnullis
798 1113 878 1176 locis
902 1115 984 1176 inter
1005 1113 1140 1176 Plinium
1163 1122 1196 1176 et
1211 1114 1305 1196 Apu-

133 1225 230 1287 leium
253 1223 437 1299 intercedit,
468 1224 499 1283 in
531 1241 571 1284 eo
595 1223 700 1303 posita
724 1230 787 1298 est,
822 1221 912 1302 quod
935 1231 1073 1303 uterque
1096 1230 1210 1284 auctor
1233 1244 1309 1285 eun-

133 1334 208 1394 dem
231 1331 420 1412 scriptorem
444 1329 575 1392 latinum
599 1331 772 1411 excerpsit.

240 1440 273 1520 4)
298 1437 445 1520 Scriptor
468 1436 598 1514 latinum
630 1457 727 1518 quem
751 1436 867 1499 Plinius
900 1445 933 1499 et
957 1435 1115 1519 Apuleius
1139 1457 1309 1520 excerpse-

134 1555 216 1624 runt,
240 1546 380 1607 fontibus
406 1544 537 1607 Graecis
564 1564 638 1606 usus
663 1552 724 1606 est·

244 1655 273 1735 5)
297 1653 383 1715 Inter
407 1674 463 1714 eos
488 1653 591 1714 sontes
609 1651 761 1729 Graecos
785 1672 867 1733 quos
890 1650 980 1714 Plinii
1005 1659 1038 1714 et
1054 1651 1174 1734 Apulei
1198 1660 1311 1715 auctor

135 1763 247 1824 latinus
270 1771 400 1823 secutus
426 1768 483 1837 est,
508 1758 680 1822 Cratevam
705 1760 800 1821 fuisse
824 1759 994 1821 verisimile
1018 1768 1075 1824 est.

241 1869 273 1950 6)
297 1868 442 1930 Maxima
466 1867 656 1945 similitud0,
688 1887 772 1948 quae
803 1869 884 1930 inter
912 1867 1136 1929 Dioscoridem
1161 1875 1193 1929 et
1216 1866 1309 1948 Apu-

134 1977 230 2039 leium
254 1978 452 2039 intercedere
476 1977 610 2053 videtur,
635 1983 781 2038 nontam
805 1977 847 2038 ad
864 1976 1089 2037 Dioscoridem
1109 1975 1214 2057 ipsum
1238 1995 1309 2056 per-

134 2087 214 2147 tinet
237 2105 334 2166 quam
359 2086 401 2147 ad
424 2083 689 2166 interpolatorem
713 2086 788 2149 eius.

243 2195 274 2275 7)
298 2193 514 2274 Interpolator
549 2193 746 2254 Dioscoridis
781 2200 814 2253 et
848 2190 1007 2272 Apuleius
1043 2211 1087 2252 ex
1122 2210 1186 2251 uno
1221 2188 1310 2251 sonte

134 2301 316 2379 hauserunt,
339 2302 370 2362 in
394 2322 460 2383 quo
484 2322 548 2364 non
571 2302 673 2363 modo
695 2301 846 2377 remedia,
871 2318 955 2380 quae
978 2300 1105 2380 utrique
1129 2298 1310 2361 communia

135 2417 217 2487 sunt,
240 2410 299 2472 sed
323 2411 419 2472 etiam
441 2427 624 2491 synonyma
648 2405 821 2470 herbarum
843 2406 963 2488 scripta
986 2405 1121 2476 suenrnt.
