3014 4620
659 161 870 279 --„‚¹3„„.

172 397 207 458 In
225 396 348 458 codicis
363 393 399 456 M
417 395 576 475 capitibus
591 397 746 470 LXXVI,
761 396 953 472 LXXVIII,
969 396 1128 471 LXXIX,
1140 396 1353 464 LXXXVIII

171 523 357 586 synonyma
380 524 444 565 non
468 502 625 583 leguntur.
663 503 698 564 In
722 522 793 582 cap.
817 505 943 572 XCVII
966 523 1006 564 ne
1030 502 1106 564 illud
1131 503 1263 584 quidem
1289 504 1353 564 «In-

171 613 251 693 cipit
275 631 393 672 nomen
417 609 538 672 herbae
562 610 667 691 pulei»
702 613 856 691 scriptum
880 619 944 688 est,
974 612 1031 672 sed
1055 610 1173 691 legitur
1198 612 1352 679 «CCVIII

171 728 273 799 caput
297 739 337 781 ne
361 719 402 781 ab
427 728 517 781 aestu
540 717 775 782 concalescat.»
826 718 947 781 Contra
971 720 1085 780 mitum
1109 726 1174 795 est,
1209 718 1298 798 quod
1323 719 1353 779 in

170 828 281 906 capite
316 829 440 895 CXXV
476 828 592 890 eadem
627 825 749 889 herbae
785 827 958 906 descriptio
994 827 1168 897 invenitur,
1205 846 1289 906 quae
1322 827 1352 887 In

170 936 316 998 editione
349 934 482 1016 vulgata
517 934 644 1015 legitur,
690 935 765 996 Hoc
801 943 889 996 certe
922 942 1058 1015 apparet
1090 935 1120 995 in
1153 933 1265 995 codIce
1297 931 1352 1010 M„

167 1063 356 1123 synonyma
378 1044 497 1123 scripta
521 1063 586 1105 non
602 1042 705 1106 luisse.
741 1042 848 1105 Etiam
872 1063 1064 1124 synonyma,
1089 1061 1172 1123 quae
1191 1042 1222 1102 in
1238 1041 1351 1103 codice

169 1151 211 1220 L,
237 1159 376 1228 exstant,
401 1171 420 1212 a
443 1152 622 1230 posteriore
656 1150 887 1231 interpolatore
920 1151 1047 1212 adiecta
1079 1169 1147 1211 esse
1176 1169 1282 1211 exeo
1307 1149 1351 1209 in-

168 1257 346 1340 tellegitur,
371 1260 461 1340 quod
495 1279 539 1320 ex
571 1260 640 1340 ipso
672 1279 821 1320 sermone
847 1257 974 1321 Graeco
998 1259 1189 1339 transcripta
1212 1265 1292 1333 sunt,
1316 1265 1352 1319 ut

166 1386 271 1446 supra
306 1342 619 1434 demonstravimus,¹
651 1364 686 1429 Si
721 1367 841 1448 primus
876 1375 990 1428 auctor
1024 1365 1121 1428 libelli
1149 1363 1231 1427 haec
1253 1384 1350 1444 syno-

167 1494 272 1554 nyma
295 1474 481 1550 addidisset,
506 1483 594 1537 certe
619 1495 751 1537 munere
774 1495 831 1537 suo
857 1474 970 1536 melius
995 1474 1121 1536 functus
1145 1479 1240 1536 esset.
1272 1469 1350 1534 Sca-

166 1590 240 1644 tent
264 1583 349 1643 enim
373 1582 541 1651 erroribus,
589 1581 745 1660 Accedit,
780 1584 871 1664 quod
894 1582 1009 1660 multa,
1043 1602 1126 1664 quae
1151 1583 1183 1644 in
1206 1600 1349 1662 synony-

166 1690 231 1750 mis
253 1687 412 1770 leguntur,
444 1687 520 1750 mihi
545 1690 676 1771 quidem
700 1691 874 1767 adiectiva,
905 1711 969 1752 non
993 1692 1122 1752 nomina
1146 1709 1216 1752 esse
1241 1689 1350 1750 viden·

165 1807 232 1860 tur.
280 1796 381 1859 Velut
404 1817 475 1878 cap.
500 1799 561 1867 IX.
587 1799 668 1859 inter
691 1796 812 1859 herbae
843 1797 999 1867 batrachii
1023 1817 1206 1879 synonyma
1230 1797 1348 1858 inveni·

165 1914 223 1968 tur
248 1903 414 1966 «staltice»
440 1913 473 1966 et
500 1906 691 1981 «caustice»,
724 1926 808 1986 quae
832 1926 930 1968 voces
955 1906 1023 1967 sine
1047 1905 1146 1968 dubio
1170 1906 1254 1968 vires
1278 1904 1349 1967 her·

165 2013 249 2088 bae,
272 2033 337 2074 non
361 2014 489 2075 nomina
524 2012 714 2093 sIgnificant.
762 2012 924 2095 Exempla
953 2015 1109 2076 eiusmodi
1132 2012 1233 2075 multa
1256 1994 1349 2075 nobis

166 2129 354 2184 occurrunt.
401 2119 468 2184 Sed
500 2142 564 2183 non
596 2122 695 2184 modo
728 2120 779 2182 illa
803 2142 994 2201 synonyma,
1018 2122 1076 2184 sed
1100 2123 1197 2183 etiam
1220 2122 1350 2183 nomina

164 2229 301 2310 singulis
325 2229 483 2310 capitibus
507 2229 654 2310 praefixa
678 2229 719 2290 ab
744 2230 974 2309 interpolatore
1011 2231 1138 2291 adiecta
1162 2249 1232 2292 esse
1256 2239 1347 2311 puto.

164 2339 202 2400 In
230 2337 379 2399 omnihus
404 2339 536 2418 quidem
560 2337 725 2399 codicibus
748 2337 907 2418 leguntur,
932 2339 989 2399 sed
1014 2339 1101 2400 varia
1125 2339 1248 2401 ratione
1272 2340 1347 2400 scri-

164 2447 298 2514 buntur,
345 2442 494 2526 Scriptor
517 2446 637 2508 codicis
661 2445 696 2506 M
720 2447 764 2507 ita
786 2445 926 2507 scribere
949 2445 1045 2508 solet:
1073 2447 1206 2527 «Incipit
1230 2466 1347 2508 nomen

164 2553 291 2616 herbae
315 2553 355 2616 N.
379 2553 442 2615 N.»
490 2553 525 2614 in
559 2553 724 2614 codicibus
758 2554 786 2614 L
819 2562 852 2614 et
875 2553 907 2614 V
939 2554 1181 2635 praescribitur:
1218 2554 1349 2616 «Herba

162 2665 204 2726 N.
232 2661 294 2725 N.»
344 2660 379 2722 ln
404 2661 479 2729 cod,
505 2659 531 2722 C
554 2660 717 2723 scribitur:
745 2661 892 2722 «Nomen
917 2660 1038 2723 herbae
1062 2663 1102 2724 N.
1128 2663 1190 2724 N.»
1236 2661 1271 2722 In
1295 2683 1348 2723 co·

169 2773 246 2835 dice
269 2769 305 2831 M
329 2788 480 2830 numeros
504 2788 636 2849 quoque
660 2768 756 2829 alium
788 2770 933 2830 ordinem
961 2771 1052 2850 sequi
1076 2790 1175 2851 supra
1198 2771 1347 2840 diximus,

162 2879 285 2941 Nonne
308 2876 367 2939 tibi
391 2877 505 2937 mirum
529 2876 671 2952 videtur,
704 2877 793 2956 quod
818 2878 948 2938 codices
982 2878 1012 2937 in
1036 2875 1098 2939 hac
1121 2886 1188 2939 tam
1211 2879 1347 2959 simplici

162 3009 197 3050 re
223 3007 290 3048 non
314 2987 398 3047 Inter
427 3004 462 3045 se
497 2986 709 3048 conveniunt?
755 2983 895 3047 Accedit
924 2985 1028 3062 aliud,
1060 3006 1117 3048 cur
1141 2984 1193 3047 illa
1217 2988 1347 3048 nomina

162 3092 315 3177 praefixa
338 3092 468 3155 subdita
491 3112 561 3155 esse
586 3094 765 3162 existimen,
813 3093 880 3154 Iam
904 3092 994 3174 legas
1017 3093 1123 3162 velim,
1168 3094 1203 3155 ln
1227 3095 1348 3157 codicis
1468 3136 1470 3140 ,

161 3204 202 3273 L,
231 3201 312 3284 Cap.
337 3204 381 3269 II.
406 3201 557 3282 legimus:
589 3201 720 3263 «Herba
736 3208 962 3279 Arnoglossa
981 3204 1023 3264 ad
1047 3203 1160 3283 capitis
1185 3201 1345 3270 dolorem.

160 3310 303 3374 herbae
325 3315 547 3388 plantaginis
579 3317 640 3371 etc.
676 3311 721 3370 sic
756 3311 786 3370 in
819 3311 948 3390 reliquis
981 3312 1137 3374 remediis
1187 3309 1266 3392 Cap.
1292 3312 1345 3378 III

160 3419 279 3482 Herba
315 3421 644 3494 «pentaphyllon»,
677 3418 707 3477 in
746 3417 876 3498 singulis
916 3420 1064 3480 remediis
1100 3425 1345 3497 «quinquefo-

162 3535 294 3594 lium»
345 3523 465 3586 Contra
486 3523 603 3586 Codex
626 3523 661 3585 M
684 3525 835 3605 praebet:
863 3525 996 3606 «incipit
1020 3524 1122 3588 herba
1148 3533 1346 3605 «quinque-

160 3641 319 3699 folium»
347 3631 426 3713 Cap.
451 3635 508 3701 IV.
537 3638 837 3710 «Hierabotane»,
861 3635 891 3694 in
910 3636 1057 3696 remediis
1085 3641 1345 3699 «verbenaca».

160 3743 246 3824 Cap.
274 3743 314 3810 V.
343 3746 649 3818 «Hyoscyamos»,
673 3742 703 3801 in
728 3743 876 3803 remediis
903 3748 1223 3821 «symphoniaca».
1267 3741 1345 3824 Cap,

160 3853 229 3920 vn
258 3847 479 3924 «Aconum»‚'
501 3848 532 3908 in
563 3849 711 3910 remediis
745 3853 881 3912 «herba
905 3868 1097 3918 venerea».
1147 3848 1226 3930 Cap.
1251 3853 1343 3918 VIII.

163 3962 527 4034 «Leontopodium»,
563 3957 594 4016 in
629 3958 777 4018 remediis
816 3963 941 4035 «pedis
978 3965 1132 4022 leonis».
1181 3957 1258 4040 Cap.
1283 3961 1343 4027 IX.

163 4068 445 4141 «Batrachion»
476 4065 687 4132 inremediis
720 4069 856 4128 «herba
887 4072 1098 4135 scelerata».
1147 4066 1227 4148 Cap.
1252 4069 1343 4136 XVI.

162 4177 394 4254 «Satyrion».
418 4172 449 4234 in
473 4172 622 4234 remediis
648 4179 904 4250 «priapiscus».
951 4173 1032 4235 Item
1056 4175 1086 4235 in
1122 4195 1193 4257 cap.
1221 4177 1346 4252 XVIII,
