3014 4620
741 153 768 240 9

646 272 858 283 n—-u—-n

165 393 285 482 Apulei
309 393 424 464 librum
461 419 634 482 -neque
667 410 789 465 temere
814 422 887 465 cum
910 400 967 483 Sp.
1003 397 1192 483 ampliorem
1222 395 1344 486 Apulei

165 511 281 574 librum
315 508 383 594 „hie
407 507 531 593 &billi
562 510 617 580 heb
649 509 860 596 Ursshultiuss⁰
897 531 964 573 esse
989 512 1144 574 dicam-
1158 511 1343 592 praebuisse

164 640 264 701 quam
288 620 313 680 is
337 628 393 695 est,
426 619 481 697 qui
505 619 534 678 in
559 617 692 699 vulgata
715 621 860 690 traditur,
909 618 944 679 In
969 620 1081 680 codice
1104 618 1149 684 M.
1175 621 1258 681 enim
1282 623 1343 681 sin·

163 728 246 810 gulis
270 727 417 788 remediis
440 727 562 786 numeri
586 727 737 808 adscripti
760 736 842 805 sunt,
867 729 896 790 in
920 726 1053 808 vulgata
1072 727 1203 808 singulis
1227 728 1342 818 herbiq

162 840 195 901 id
231 836 320 917 quod
356 834 408 896 ille
442 836 549 895 nescio
583 855 649 915 quo
682 845 779 914 pacto
811 835 966 917 neglexit.
1004 873 1045 882 -
1081 836 1133 897 De
1162 837 1342 915 «praesidio

161 944 372 1025 pastillorum,
397 943 486 1022 quod
511 941 662 1003 utebatur
684 942 871 1023 Augustus»
896 943 978 1005 haec
1002 944 1139 1005 dicenda
1162 945 1255 1005 sunt.¹
1285 944 1341 1006 Ab

162 1056 272 1131 inepto
297 1049 508 1129 compilatore
534 1051 665 1130 quidem
689 1051 719 1111 in
740 1052 852 1113 codice
876 1051 929 1113 vel
953 1053 983 1112 in
1008 1051 1182 1129 codicibus
1207 1072 1250 1113 ex
1274 1055 1342 1132 qui-

163 1161 222 1222 bus
246 1157 361 1220 hausta
385 1166 433 1219 est
450 1157 590 1238 vulgata,
605 1156 691 1228 „illud
708 1159 885 1220 remedium
901 1158 1021 1221 herbae
1036 1141 1211 1220 ¹basiliscae
1235 1161 1341 1222 adiec-

164 1275 231 1328 tum
255 1286 423 1336 essenon
456 1285 582 1346 negem.
630 1263 697 1328 Sed
732 1268 794 1327 iam
827 1287 990 1346 quaeram,
1015 1287 1081 1346 quo
1106 1266 1179 1328 loco
1205 1255 1341 1329 herbarii

162 1376 240 1439 illud
264 1375 465 1454 medicamen
489 1395 552 1434 non
577 1375 617 1435 sit
641 1375 795 1453 ineptum.
842 1373 1004 1454 Equidem
1038 1394 1090 1435 me
1123 1375 1244 1436 nescire
1269 1395 1344 1436 con·

161 1483 258 1545 fiteor
282 1482 390 1544 locum
415 1483 580 1543 idoneum.
626 1480 740 1561 ltaque
768 1502 885 1543 censeo
910 1481 952 1544 ab
975 1481 1211 1563 interpolatore
1236 1481 1344 1544 libello

162 1591 310 1652 additum
335 1598 367 1650 et
392 1610 411 1650 a
436 1588 564 1651 librario
590 1590 631 1650 ad
655 1587 790 1651 herbam
813 1588 994 1651 basiliscam
1013 1588 1148 1651 relatum
1165 1610 1247 1653 esse.
1279 1589 1344 1651 Ne-

163 1719 228 1778 que
260 1699 455 1778 compositio
492 1699 562 1777 ipsa
593 1698 669 1758 satis
701 1696 810 1778 ampla
841 1698 1079 1775 medicaminis,
1113 1698 1203 1777 quod
1229 1717 1272 1758 ex
1294 1706 1345 1760 tot

162 1807 331 1869 elementis
356 1805 538 1867 consectum
563 1813 620 1882 est,
644 1825 683 1866 ea
707 1814 767 1883 est,
794 1826 878 1886 quae
902 1806 1059 1867 voluntati
1083 1807 1221 1867 auctoris
1248 1804 1345 1867 libelli

163 1915 373 1995 respondeat.
414 1912 618 1974 Medicamen
642 1914 672 1974 in
698 1915 770 1982 cod,
790 1913 839 1978 M.
865 1915 1024 1994 integrum
1048 1935 1111 1975 non
1136 1922 1243 1976 restat.
1282 1914 1345 1976 Le-

165 2027 253 2102 gitur
277 2022 360 2082 enim
387 2018 450 2082 hoc
474 2022 675 2083 medicamen
707 2022 804 2083 etiam
833 2023 863 2082 in
888 2023 959 2087 cod.
976 2020 1029 2092 V.
1051 2020 1138 2082 Ecce
1163 2030 1346 2085 monstrosa

163 2130 371 2210 compositio,

272 2235 359 2320 Inter
384 2236 528 2313 „feniculi
552 2241 679 2298 semen“
708 2245 741 2299 et
772 2239 909 2318 „cymini
932 2237 1106 2300 Thebaici“
1130 2240 1270 2320 positum
1296 2245 1345 2299 est

162 2346 335 2425 „gummini
368 2345 461 2405 unci“
499 2344 570 2425 (pro
602 2346 790 2425 „gummini“
821 2345 1001 2425 praeferam
1025 2348 1231 2426 „gumminis“
1256 2347 1343 2417 cous,

160 2452 282 2514 Pallad.
324 2467 370 2529 12,
406 2467 434 2532 7,
474 2469 521 2530 15.
546 2452 624 2514 Post
656 2454 792 2534 „piperis
827 2454 925 2534 nigri“
949 2453 1066 2534 legitur
1099 2454 1172 2534 ‚‚(-
1197 2453 1257 2516 blis
1281 2454 1342 2516 saci

163 2558 332 2640 herbaque
357 2580 375 2621 θ
398 2558 497 2621 salvia
521 2562 643 2640 uncia)“
666 2591 702 2610 =
726 2559 910 2641 elelisphaci
935 2560 1065 2638 herbae,
1100 2582 1184 2642 quae
1208 2571 1258 2624 est
1281 2561 1343 2624 sal-

164 2668 226 2744 via,
251 2669 345 2729 uncia
369 2688 441 2732 una.

272 2774 460 2856 Sequuntur
483 2774 579 2838 haec:

272 2885 389 2970 „cassie
413 2885 506 2945 uncia
518 2885 549 2964 l“
573 2914 609 2934 =
633 2885 762 2947 cassiae.

273 2992 389 3069 „bonia
413 2992 532 3053 desidis
564 2990 627 3054 hoc
645 2971 673 3053 e
693 2992 795 3054 barba
818 2993 898 3055 iovis
924 2973 1037 3076 unhs‘h

273 3097 361 3180 Quid
385 3109 470 3161 esset
493 3099 608 3177 „bonia
631 3100 767 3162 desidis“
799 3103 970 3182 exquirere
995 3123 1058 3164 non
1082 3103 1182 3184 potui.

567 3186 593 3200 ΝΛ

272 3226 369 3287 „rape
393 3227 504 3268 semen
527 3210 622 3288 unci“
646 3228 807 3289 :rapae

272 3316 438 3396 „eupatori
462 3292 556 3396 unci“
579 3346 624 3405 =¹
639 3318 807 3397 eupatorii.

272 3423 382 3499 „euciu
407 3425 530 3485 radices
554 3422 617 3485 hoc
641 3433 691 3486 est
716 3478 723 3494 .
749 3472 756 3488 .
782 3429 808 3487 .“
832 3455 868 3475 =
892 3427 982 3488 aizou
1005 3457 1042 3477 =
1066 3408 1235 3499 αἐιζώουῬ

273 3530 432 3606 „causella
455 3532 566 3592 uncia“
599 3561 635 3581 =
658 3532 853 3594 maurellae?
888 3533 944 3612 (sic
975 3536 1082 3597 medio
1107 3555 1189 3596 aevo
1214 3535 1342 3597 diceba·

604 3649 672 3716 tur,
708 3661 790 3702 nunc
827 3640 1046 3722 scrophalaria
1080 3643 1207 3704 nodosa
1242 3644 1343 3704 nomi-

605 3749 720 3823 natur).

273 3856 399 3935 „ciperu
423 3857 603 3918 semuncia“
626 3886 663 3906 =
685 3859 806 3938 cyperi.

274 3963 398 4039 „trifolii
422 3966 615 4026 semuncia“

272 4118 289 4148 ,‚
312 4074 431 4133 amomi
455 4074 647 4142 semuncia“

272 4179 430 4261 „serpullu
454 4183 636 4246 semuncia“
660 4213 696 4232 =
719 4181 859 4264 serpulli.
