3000 4604
333 365 433 451 Apul.

118 472 211 559 Appi
264 479 388 541 radices
434 480 465 540 in
510 479 654 541 sextario

119 605 225 665 aquae
260 586 302 648 ad
338 587 459 649 medias
495 606 568 649 cum
601 587 656 648 de-

119 701 234 754 coctae
281 693 405 772 suerint,
459 697 656 758 vettonicam

119 803 222 883 ipsam
257 803 465 884 permiscebis
501 811 534 866 et
565 803 657 865 dabis

119 910 240 987 bibere,
275 912 306 972 in
337 919 531 992 perpetuum
555 919 655 979 sanat,

187 1022 311 1088 XXVI.
332 1034 358 1097 3.
375 1018 431 1082 Ad
445 1017 656 1100 hydropicos,
833 1036 884 1098 22,
907 1021 960 1098 46.
993 1021 1047 1084 Ex
1071 1020 1119 1083 his
1144 1023 1299 1085 candidus

121 1125 220 1189 herba
237 1125 448 1189 chamaeleon
458 1136 491 1189 et
507 1126 656 1189 chamae·
764 1127 963 1211 hydropicos
993 1139 1084 1193 sanat
1116 1151 1194 1192 suco
1218 1130 1300 1192 radi-

121 1233 249 1316 daphne
263 1243 296 1296 et
309 1233 524 1315 chamaedrys
545 1236 656 1314 aequis
704 1226 708 1334 I
765 1238 809 1299 cis
833 1239 1000 1301 decoctae.

118 1342 316 1424 ponderibus
327 1351 419 1404 tunsa
432 1351 465 1404 et
473 1341 656 1403 mollissime
831 1346 939 1410 Diosc.
955 1348 1015 1414 ΙΙΙ.
1032 1347 1059 1408 8.
1081 1335 1301 1424 Χαμαιλέων

118 1450 241 1514 cibrata
277 1451 302 1512 si
341 1451 371 1511 in
408 1451 558 1530 portione
593 1450 655 1511 vini
763 1434 1088 1533 λευκὸςὺδρωπικοῖς
1100 1440 1300 1536 ἐπιτηδείως

110 1560 229 1636 mixta,
287 1560 452 1621 iuvenibus
508 1558 656 1620 cocliaria
764 1546 901 1618 δίδοται
923 1542 1001 1643 ὁλκὴ
1021 1545 1084 1618 σὺν
1103 1550 1196 1639 οἴνῳ.

119 1668 269 1748 quinque,
301 1668 475 1730 minoribus
508 1666 560 1729 vel
587 1687 654 1729 mu·

117 1775 245 1839 lieribus
277 1775 425 1838 cocliaria
448 1777 517 1853 tria,
548 1776 655 1856 pueris

118 1882 301 1946 cocliarium
362 1904 459 1946 unum
519 1885 654 1960 dederis

117 1991 248 2056 mirifice
280 2012 399 2073 aquam
433 2011 562 2054 omnem
596 2011 654 2072 per

117 2101 240 2162 urinam
263 2101 390 2181 digerit.

185 2211 274 2277 XLI,
304 2224 330 2274 1.
347 2210 350 2213 ·
361 2206 418 2271 Ad
442 2210 570 2270 vesicae
595 2208 653 2270 do.
832 2203 883 2252 20.
908 2188 980 2250 228.
1012 2187 1147 2268 prodest
1178 2196 1210 2248 et
1241 2206 1296 2248 ve-

115 2317 232 2380 lorem.
256 2314 393 2379 herbam
410 2317 552 2379 malvam
569 2335 653 2377 erra·
762 2297 847 2358 Sicae
872 2295 1049 2364 dOIOfibUS·

117 2427 214 2487 ticam
231 2444 303 2486 cum
320 2426 396 2487 totis
414 2423 573 2487 radicibus
590 2423 654 2485 suis
828 2420 937 2483 Diosc.
952 2423 996 2490 ΙΙ,
1016 2436 1085 2496 144.
1102 2407 1160 2477 καὶ
1179 2401 1296 2476 κύστει

117 2532 230 2595 libram
246 2541 424 2613 pensatam,
440 2530 524 2593 hanc
540 2530 653 2594 libram
762 2510 947 2609 ω’φέλιμος.

37 2701 39 2705 ,
117 2641 148 2701 in
186 2660 291 2721 aquae
330 2641 447 2720 congio
483 2640 654 2701 decoctam

118 2748 160 2809 ad
178 2749 339 2811 'dimidias
366 2767 427 2829 per
448 2748 589 2810 triduum
613 2747 653 2808 si-

116 2857 207 2918 tienti
230 2857 308 2920 dato
339 2855 468 2918 bibere:
501 2855 652 2917 continuo

116 2965 289 3034 sanabitur.

224 3072 300 3135 Alia
323 3073 479 3135 eiusmodi
504 3073 646 3134 remedia
669 3071 751 3134 haec
773 3076 862 3131 sunt:
888 3069 915 3135 Ι.
945 3081 983 3127 10
1005 3095 1042 3115 =
1065 3064 1134 3127 Plin
1159 3063 1209 3140 26,
1236 3079 1295 3142 323

116 3184 145 3250 Ι.
174 3193 208 3259 15
235 3211 271 3233 =
292 3180 370 3243 Plin.
397 3180 448 3256 26,
477 3192 553 3259 1053
585 3183 611 3249 Ι.
641 3181 679 3242 16
702 3210 738 3230 =
761 3177 841 3239 Plin.
868 3173 919 3251 26,
945 3188 998 3253 74,
1035 3175 1062 3241 I,
1085 3172 1130 3250 46
1153 3203 1189 3223 =
1213 3170 1292 3236 Plin.

119 3289 169 3365 26,
205 3304 280 3366 1043
312 3292 336 3357 Ι.
362 3304 413 3366 20,
446 3304 497 3365 21,
529 3303 569 3348 22
594 3291 654 3350 tria
678 3287 820 3350 remedia
844 3285 874 3344 in
897 3281 976 3349 Plin.
1000 3301 1098 3342 unum
1122 3282 1289 3344 invenitur.

118 3394 237 3459 Conser
260 3399 285 3465 I.
317 3398 368 3474 28,
393 3412 444 3477 29,
471 3412 520 3474 33,
546 3412 596 3474 34,
622 3412 672 3477 39,
695 3411 758 3472 40;
791 3394 852 3461 ΙΙΙ.
883 3407 915 3465 Ι;
948 3392 1002 3456 IV.
1030 3404 1057 3466 3,
1083 3390 1118 3464 83
1150 3391 1230 3457 XII·
1261 3405 1292 3464 1;

117 3506 194 3575 XX.
218 3520 253 3580 4;
285 3506 398 3573 XXII.
428 3520 459 3580 1;
484 3506 590 3572 XXV.
620 3519 652 3579 1;
675 3505 783 3572 XXV.
811 3516 846 3578 3;
872 3501 959 3566 XLI.
988 3513 1014 3560 1.
1039 3496 1197 3559 Remedia
1219 3505 1294 3558 ante

118 3613 245 3676 conlata
267 3632 332 3675 non
355 3611 490 3673 ePlinio
507 3620 663 3692 excerpta
686 3629 757 3672 esse
781 3615 927 3688 apparet,

384 3722 427 3788 ΙΙ.
453 3719 610 3781 Remedia
633 3717 771 3799 Apulei,
804 3734 887 3795 quae
920 3735 939 3775 a
971 3713 1119 3774 remediis
1145 3711 1292 3775 Plinianis

277 3829 373 3911 plane
396 3829 522 3891 diversa
545 3837 633 3890 sunt:

185 3960 210 4027 Ι.
235 3972 285 4032 24,
318 3953 374 4017 Ad
405 3953 554 4016 calculos,
578 3951 650 4014 hes.
829 3931 881 4000 26,
907 3932 960 4010 78.
994 3930 1036 3991 ad
1059 3926 1199 3990 calculos
1224 3928 1292 4007 qui-

117 4066 180 4128 bae
196 4064 380 4127 vettonicae
396 4060 567 4124 drachmas
585 4070 649 4123 tres
758 4041 835 4102 dam
858 4039 1053 4101 vettonicam
1081 4045 1114 4098 et
1137 4033 1293 4096 verbena·

118 4194 162 4238 ex
185 4180 279 4235 aceto
306 4170 451 4235 scillitico
484 4178 517 4232 et
547 4168 649 4232 mellis
759 4167 831 4210 cam
866 4156 899 4209 et
938 4143 1135 4207 millflsfflium
1168 4143 1293 4304 4³eq¹1is
