3000 4604
962 362 1175 427 Dioscorides.

343 351 510 438 Apuleius,

801 482 922 545 πᾶσαν
958 475 1075 545 ἴσασίν
1112 479 1209 546 ἐστιν
1246 471 1338 561 εἰλο-

801 583 941 676 rutuli·

265 713 448 797 Utrumque
484 725 651 779 auctorem
686 719 768 780 inter
799 739 834 780 se
869 722 1048 782 consentire
1079 732 1224 803 apparet.
1270 723 1339 786 Iam

159 823 381 906 quaerendum
398 831 456 900 est,
478 832 584 885 utrum
601 823 758 907 Apuleius
774 826 999 889 Dioscoridem
1016 828 1208 909 expilaverit
1225 851 1336 896 necne.

159 928 260 1011 Apud
283 931 512 992 Dioscoridem
536 931 637 994 verba
661 934 860 1015 praescripta
883 936 1027 1014 sequitur
1050 933 1171 997 herbae
1196 937 1337 1020 descrip-

159 1039 220 1115 tio,
244 1037 361 1100 deinde
386 1039 582 1118 remedium,
611 1041 701 1120 quod
725 1042 810 1103 idem
834 1044 863 1103 in
888 1041 1008 1123 Apulei
1032 1063 1102 1124 cap.
1127 1043 1151 1129 Ι,
1175 1045 1223 1114 tit,
1252 1061 1264 1105 1
1292 1045 1336 1108 le-

160 1145 280 1224 gimus:

204 1272 245 1333 ad
262 1271 374 1352 capitis
391 1270 573 1336 fracturam.
592 1271 694 1335 herba

160 1380 322 1441 vettonica
357 1388 491 1442 contusa
529 1389 562 1442 et
596 1401 694 1462 super

159 1488 271 1568 capitis
305 1488 403 1549 ictum
438 1489 543 1569 posita
581 1488 693 1550 vulnus

160 1596 238 1656 mira
254 1593 416 1656 celeritate
437 1594 628 1676 glutinatum
644 1616 692 1657 sa-

159 1702 255 1778 nabit,
278 1722 323 1764 eo
347 1703 477 1782 quidem
505 1703 635 1780 efficaci,
666 1705 692 1765 si

158 1810 254 1871 tertio
291 1829 422 1890 quoque
455 1811 507 1872 die
539 1811 692 1873 resectam

161 1916 204 1995 lid
229 1907 276 1979 est
299 1918 520 1999 recentiorem]
546 1919 693 1999 frequen-

159 2027 220 2087 tius
244 2025 428 2106 inposueris,
459 2026 564 2087 donec
592 2034 692 2090 sanet.

160 2131 236 2193 Eius
267 2142 414 2214 potestas
445 2142 567 2196 tantam
595 2134 693 2196 fertur

160 2238 279 2301 habere
297 2243 457 2322 virtutem,
473 2251 508 2304 ut
524 2263 596 2304 ossa
612 2262 691 2322 quo·

160 2368 224 2427 que
256 2348 356 2410 fracta
379 2351 410 2411 vi
441 2370 499 2411 sua
532 2348 691 2417 extrahat.

160 2455 244 2534 (eoa.
269 2456 331 2537 u).

865 1274 904 1336 D.
929 1274 947 1337 l.
972 1295 998 1336 c.
1046 1256 1066 1358 ἦ
1110 1265 1147 1335 δὲ
1190 1262 1336 1357 δύναμις

804 1369 911 1446 αύτῐς
940 1373 1037 1439 ἐστιν
1066 1364 1164 1467 αὕτη.
1215 1378 1336 1466 λειμω-

803 1481 911 1546 dafua
938 1472 1006 1571 γὰρ
1034 1475 1144 1573 νεαρὰ
1176 1481 1235 1551 καὶ
1265 1486 1336 1552 ἐπι-

802 1589 950 1654 τεθεῖσα
984 1588 1031 1663 εἰς
1067 1584 1368 1684 τεθραυσμένην’

802 1687 953 1786 κεφαλὴν
987 1689 1080 1763 κατὰ
1106 1703 1167 1790 τῆς
1195 1700 1335 1790 aluric,

803 1791 979 1868 ἀνώδυνον
1020 1807 1136 1888 notai,
1181 1803 1238 1873 καὶ
1288 1799 1334 1874 τὰ

801 1901 994 1994 τραύματα
1040 1912 1143 2002 κολλᾷ
1183 1910 1242 1980 καὶ
1288 1907 1336 1981 τὰ

801 2015 1028 2102 τεθλασμένα
1053 2008 1141 2086 ὀστᾶ
1170 2013 1336 2108 ἐκβάλλει.

801 2119 859 2189 καὶ
888 2129 995 2191 τοῦτο
1023 2129 1121 2193 ποιεῖ
1145 2120 1227 2195 καθ’
1259 2123 1336 2195 ἑκά-

803 2251 888 2321 στην
916 2221 1169 2326 ἄλλασσομένη,
1195 2236 1256 2310 ἕως
1276 2240 1335 2303 θε-

803 2330 967 2430 ραπεύσῃ.

267 2562 379 2626 Verba
402 2565 490 2626 uncis
514 2562 633 2626 inclusa
657 2564 698 2625 ab
722 2561 956 2644 interpolatore
977 2563 1029 2626 vel
1045 2564 1087 2627 ab
1104 2565 1336 2649 interpolatore

159 2672 321 2753 adscripta
345 2690 416 2733 esse
441 2680 587 2753 apparet.

266 2796 372 2859 Etiam
407 2799 508 2878 magis
539 2817 612 2858 cum
643 2796 835 2858 Dioscoride
868 2799 1025 2859 consentit
1057 2796 1153 2860 lectio
1185 2800 1335 2861 editionis

160 2903 310 2985 vulgatae
338 2912 406 2967 «ter
429 2906 481 2966 die
506 2905 679 2966 resectam»
706 2924 766 2984 pro
793 2905 908 2966 «tertio
931 2924 1063 2985 quoque
1080 2905 1132 2966 die
1149 2905 1332 2970 refectam»

161 3011 271 3073 Verba
295 3013 493 3076 Dioscoridis
515 3014 624 3094 spuria
652 3032 721 3074 esse
745 3020 845 3093 patet.
893 3012 1032 3074 Primum
1064 3013 1148 3073 enim
1171 3011 1336 3076 Dioscori-

160 3121 216 3181 des
251 3122 282 3181 in
317 3120 462 3202 partibus
502 3121 645 3202 genuinis
679 3139 798 3181 nomen
834 3118 954 3182 herbae
992 3100 1231 3203 «οὗεττονική»
1269 3142 1336 3184 non

163 3229 383 3328 «βεττονινή»
410 3246 554 3327 praebet,
579 3244 792 3325 quamobrem
816 3245 913 3306 etiam
933 3246 964 3307 in
987 3245 1044 3314 IV.
1070 3260 1088 3305 2
1114 3231 1336 3327 Bpeccumur'

162 3351 178 3375 ll

159 3384 178 3452 η
207 3355 388 3453 peccorum}
412 3370 586 3434 delendum
616 3379 664 3433 est
690 3352 730 3454 «ἢ
761 3355 977 3455 doceamini.»

266 3498 392 3558 Deinde
417 3498 495 3577 quid
517 3497 577 3559 sibi
596 3497 681 3574 velit,
707 3516 872 3577 quaeram,
896 3496 997 3559 altera
1013 3494 1134 3559 herbae
1151 3495 1337 3578 descripti0,

160 3624 243 3685 quae
268 3625 341 3665 cum
366 3606 579 3667 antecedente
603 3605 818 3686 descriptione
843 3602 929 3667 haud
953 3605 1132 3667 consentit?
1171 3602 1337 3688 Sprenge·

160 3712 217 3775 lius
240 3713 282 3774 ad
307 3712 421 3789 locum,
446 3714 487 3774 de
511 3733 577 3793 quo
601 3714 733 3793 agimus,
757 3711 838 3774 haec
868 3713 961 3776 dicit:
998 3710 1100 3775 «Cum
1124 3722 1158 3775 et
1180 3710 1264 3775 hanc
1287 3715 1337 3776 di-

158 3838 285 3880 versam
317 3818 460 3899 plantam
492 3803 722 3902 βρεττανικὴν
752 3828 785 3882 et
812 3803 1016 3903 βεντονικὴν
1043 3818 1199 3902 appellari
1226 3824 1337 3887 tradat

159 3927 374 4003 Dioscorides,
399 3928 513 3988 mirum
538 3936 596 4004 est,
620 3937 741 4008 quanta
760 3929 833 3989 inde
858 3929 945 4009 apud
962 3927 1095 3990 Plinium
1120 3935 1152 3990 et
1175 3937 1338 4010 posteros,

158 4034 287 4095 nimiam
311 4034 369 4115 ipsi
393 4033 491 4096 fidem
514 4034 707 4107 tribuentes,
740 4044 811 4097 orta
841 4037 881 4097 sit
910 4035 1086 4104 confusio.»
1136 4035 1203 4100 Sed
1226 4056 1337 4118 neque

159 4142 275 4204 Plinius
299 4142 526 4205 Dioscoridem
559 4144 724 4224 excerpsit
754 4163 860 4223 neque
890 4143 1097 4207 Dioscorides
1120 4146 1276 4226 genuinus
1298 4146 1338 4211 il·
